2164 3246
420 219 1077 260 PROGYMNASMATUM
1099 223 1301 262 PRIMA
1323 225 1474 264 PARS
1723 230 1772 267 77

126 326 359 377 paululum
381 327 635 371 crassiorem‚
658 326 889 375 minusque
911 328 1213 376 Diaphanum,
1235 343 1369 378 quam
1391 332 1445 370 est
1465 333 1659 381 superior
1680 337 1773 373 eius

54 389 95 422 92
126 382 280 430 portio,
305 379 504 418 reddunt.
526 376 541 430 ΙΙ
561 380 687 418 Vnde
713 382 845 419 etiam
870 381 1066 426 efficitur,
1093 384 1210 430 quod
1231 384 1318 423 illae
1339 387 1460 424 iuxta
1481 387 1773 426 Horizontem

126 435 318 473 maxime
334 433 443 472 visui
458 435 699 472 incurrant:
718 434 996 473 Postmodum
1012 447 1116 474 vero
1133 439 1178 474 in
1193 437 1440 477 Eleuatiore
1458 440 1534 478 situ
1551 441 1773 480 successiue

127 492 418 527 attenuentur.
445 487 496 525 Et
518 486 616 525 licet
637 487 818 534 quidam
840 488 1147 527 Recentiorum
1170 490 1272 528 hinc
1292 491 1427 530 solam
1450 493 1773 533 Resrad’tionum

75 551 91 577 ⁵
128 540 302 580 causam
317 540 547 585 deducant,
564 546 607 578 vt
617 540 741 579 ⁴Coeli
756 541 887 588 ipsius
904 541 942 579 8(
958 543 1085 580 Aeris
1101 548 1306 582 naturam
1322 548 1639 594 materiamque
1656 560 1773 595 pror-

127 594 196 634 sus
215 594 403 633 eandem
424 594 500 632 esse
521 593 725 638 astruant,
746 594 1037 633 nihilominus
1058 596 1179 635 aliud
1201 597 1304 644 quid
1326 599 1402 636 esse
1424 599 1602 638 Coelum
1623 601 1773 648 ipsum,

127 650 173 687 in
192 659 282 696 quo
297 646 451 686 Sidera
470 653 682 696 perpetuo
703 648 1047 693 conuoluuntur,
1069 661 1204 697 quam
1220 651 1383 688 A'erem
1400 652 1720 692 Elementarem
1737 654 1774 692 8(

127 700 394 746 Animalem,
403 706 497 740 vtut
507 712 535 740 a
545 701 784 749 vaporibus
793 701 1080 740 Terrestribus
1092 702 1290 748 liberum,
1303 716 1393 742 non
1406 705 1571 744 dubito:
1585 707 1774 754 Ideoque

128 766 282 795 eorum
301 754 525 793 sententiae
546 754 630 793 hac
649 756 695 792 in
716 760 851 802 parte,
873 757 998 793 certis
1015 756 1067 794 de
1084 756 1233 801 caufis,
1255 769 1539 806 nequaquam
1560 759 1774 807 astipulor.

63 817 93 844 10
128 813 171 848 vt
186 807 290 848 alibi
305 808 478 856 plenius
495 808 702 847 disseram.
721 808 901 847 Coelum
918 811 1037 847 enim
1054 809 1125 847 etsi
1137 810 1459 858 liquidissimum
1472 812 1509 849 8(
1522 814 1775 852 rarissimum

128 862 186 908 fit,
208 861 425 910 nullisque
446 861 638 901 Orbibus
658 861 850 900 realibus
872 862 1007 910 (quod
1027 867 1088 901 tot
1108 865 1199 901 iam
1218 864 1370 902 seculis
1390 865 1566 912 plurimi
1588 866 1775 904 Philoso-

128 915 361 964 phantium
376 914 529 954 frustra
545 915 732 954 credulis
750 915 1068 963 persuaserunt)
1090 916 1379 965 compactum,
1401 919 1776 966 quemadmodum

128 969 198 1008 vel
219 980 274 1007 ex
295 968 394 1017 ipfis
416 968 626 1013 Cometis,
651 970 697 1007 in
721 980 774 1007 eo
798 969 970 1007 cursum
995 969 1121 1008 suum
1144 970 1481 1015 absoluentibus,
1508 975 1620 1011 circa
1643 973 1776 1011 finem

128 1022 261 1062 huius
281 1021 440 1070 Operis
459 1021 722 1061 sufficienter
741 1022 982 1067 ostendam;
1006 1035 1097 1061 non
1117 1029 1265 1062 tamen
1286 1025 1341 1063 ob
1362 1025 1404 1063 id
1426 1038 1525 1063 cum
1546 1027 1660 1064 A'ere
1683 1027 1775 1064 Ele-

63 1084 93 1110 15
129 1077 315 1115 mentari
332 1075 451 1124 (quae
467 1076 520 1115 de
537 1076 652 1125 Ignis
669 1076 911 1121 Elemento,
933 1076 1047 1115 infra
1063 1077 1237 1116 Lunam
1254 1078 1479 1122 collocato,
1496 1080 1663 1118 tamdiu
1680 1081 1775 1118 Ari-

129 1129 317 1169 stotelica
338 1128 500 1168 Schola
522 1134 724 1178 nugatur,
749 1130 923 1178 prorsus
946 1130 1155 1175 fabulosa,
1179 1131 1249 1169 vel
1271 1132 1361 1179 ipsa
1384 1131 1708 1171 Resradtionum
1732 1136 1775 1171 in

129 1183 229 1223 Sole
245 1182 284 1221 8(
299 1182 442 1222 Stellis
459 1183 642 1228 exilitas,
663 1183 692 1221 fi
709 1183 820 1222 nihil
836 1189 1061 1232 praeterea,
1083 1184 1181 1223 satis
1199 1185 1412 1233 superque
1429 1186 1665 1233 conuincit)
1688 1187 1776 1225 Na-

128 1242 238 1276 turae
250 1236 442 1276 eiusdem
454 1236 492 1275 &
503 1236 747 1276 substantiae
764 1238 840 1276 esse
857 1237 983 1276 facile
1000 1239 1285 1283 concesserim,
1302 1244 1395 1277 vtut
1411 1251 1475 1282 ea,
1493 1252 1592 1287 quae
1610 1243 1777 1278 ratione

130 1289 385 1330 diuerfitatis
403 1290 748 1339 Diaphanorum
763 1291 956 1329 AEtheris
974 1291 1011 1329 &
1028 1293 1155 1330 Aeris
1176 1295 1395 1341 contingat
1416 1293 1712 1341 discrepantia,
1733 1294 1778 1331 fit

61 1351 95 1378 20
130 1345 378 1393 perexigua,
395 1343 434 1382 &
449 1344 704 1383 nullatenus
717 1350 851 1389 tanta,
869 1350 1082 1392 quantam
1095 1345 1237 1393 Optici
1250 1346 1561 1394 opinabantur;
1579 1347 1672 1385 Imo
1688 1353 1778 1385 tam

131 1397 266 1443 exilis,
286 1402 331 1436 vt
350 1399 424 1436 vix
446 1400 492 1436 in
512 1397 657 1436 sensus
680 1398 818 1437 cadat.
843 1398 1202 1437 Consentaneum
1223 1399 1433 1447 siquidem
1454 1400 1508 1438 est
1529 1401 1691 1438 Aerem
1715 1412 1776 1438 re-

130 1451 432 1490 uolutionibus
444 1452 584 1490 Lunae
595 1454 1027 1500 appropinquantem
1043 1452 1267 1491 successiue
1283 1459 1403 1491 tanta
1419 1455 1604 1501 puritate
1622 1453 1778 1492 subtili-

131 1516 253 1544 orem
264 1504 398 1551 reddi,
414 1510 458 1544 vt
469 1505 524 1544 ab
535 1505 730 1544 AEtheris
742 1505 1059 1554 Diaphanitate
1076 1506 1199 1551 nihil,
1216 1507 1285 1544 vel
1301 1518 1435 1554 quam
1451 1509 1686 1545 minimum
1703 1507 1778 1545 dis-

132 1563 285 1608 crepet.
309 1558 431 1606 Quin
454 1559 619 1598 etiamfi
641 1559 815 1608 prorsus
839 1560 994 1598 eadem
1018 1561 1124 1604 esset‚
1149 1560 1371 1608 nullaeque
1396 1559 1585 1608 respectu
1606 1560 1778 1598 diuerfi-

63 1618 96 1644 ²⁵
131 1611 347 1651 ficationis
362 1612 707 1661 Diaphanorum
723 1613 916 1652 AEtheris
933 1613 971 1651 8(
987 1614 1115 1652 Aeris
1136 1613 1288 1652 fierent
1306 1613 1610 1657 Refractiones,
1631 1620 1779 1652 tamen

132 1677 223 1705 non
234 1665 290 1705 ob
301 1665 344 1705 id
354 1665 616 1705 sufficienter
627 1666 823 1711 infertur,
835 1667 952 1706 Coeli
963 1669 1194 1706 materiam
1204 1669 1387 1705 omnino
1398 1668 1583 1706 eandem
1594 1668 1670 1705 esse
1681 1679 1779 1705 cum

132 1720 247 1759 Aere
266 1719 532 1759 Elementari
555 1720 594 1758 8(
615 1720 859 1764 sublunari:
886 1726 928 1759 vt
950 1723 1130 1769 primus,
1155 1721 1273 1768 quod
1296 1721 1438 1763 sciam,
1465 1720 1780 1760 IOHANNES

77 1779 97 1811 ·1·
133 1773 290 1812 PENA
302 1772 462 1812 Gallus
473 1774 674 1822 prodidit,
691 1774 730 1812 8(
746 1775 928 1822 quidam
940 1775 1277 1813 Neotericorum
1289 1777 1531 1813 etiamnum
1543 1775 1780 1813 asseuerare

133 1838 224 1866 non
239 1827 454 1872 dubitant:
471 1829 583 1866 inter
599 1839 710 1876 quos
727 1827 782 1867 est
796 1828 1108 1867 Eruditissimus
1120 1829 1208 1871 Vir,
1222 1828 1259 1866 8(
1271 1830 1316 1866 in
1329 1828 1457 1866 rebus
1469 1828 1780 1866 Astronomicis

65 1886 99 1912 ³⁰
133 1880 265 1920 solide
288 1880 482 1920 versatus
507 1881 699 1920 Illustriss.
727 1881 937 1930 Principis
960 1881 1274 1920 WILHELMI
1301 1881 1531 1920 HASSIAE
1558 1881 1780 1919 LANDT-

135 1933 336 1973 GRAVII
352 1934 697 1974 Mathematicus
715 1935 1211 1974 CHRISTOPHORVS
1228 1934 1668 1977 ROTHMANNVS,
1682 1946 1781 1972 cum

79 1992 99 2024 i·
135 1999 223 2036 quo
243 1989 376 2027 etiam
396 1987 479 2027 hac
500 1988 553 2027 de
574 2000 620 2027 re
641 2000 717 2037 per
738 1989 884 2027 literas
905 1989 1138 2036 aliquoties
1158 1988 1334 2027 contuli.
1358 1989 1564 2026 Attamen
1581 1990 1616 2026 is
1633 1988 1688 2025 ob
1706 1988 1782 2025 Re-

135 2039 365 2080 fraetiones
384 2047 475 2081 tam
493 2044 578 2081 cito
597 2042 919 2086 euanescentes‚
942 2042 979 2080 8(
1000 2043 1055 2080 ad
1072 2044 1277 2080 verticem
1294 2053 1384 2079 non
1401 2041 1634 2089 protensas,
1657 2043 1701 2078 in
1718 2053 1782 2079 ar-

135 2099 256 2143 repta
267 2095 487 2143 persistens
498 2095 736 2141 Sententia,
749 2096 804 2135 ab
817 2108 869 2134 ea
880 2096 920 2134 se
932 2095 1082 2134 diuelli
1095 2108 1185 2134 non
1197 2097 1368 2143 patitur.
1387 2095 1783 2133 Verumenimuero

67 2153 100 2180 ³⁵
137 2149 634 2198 quiaAeris,praesertim
643 2149 889 2198 superioris,
900 2149 1055 2188 eadem
1065 2150 1141 2187 esse
1151 2149 1294 2196 potest,
1306 2160 1405 2186 cum
1414 2148 1528 2187 Coeli
1540 2148 1783 2196 Diaphani-

136 2206 221 2240 tate
233 2202 447 2248 identitas,
460 2202 499 2241 &
510 2203 631 2251 quafi
641 2203 1003 2251 Homogeneitas,
1014 2208 1057 2240 vt
1068 2203 1167 2241 ideo
1179 2201 1472 2240 Refradtiones
1483 2200 1671 2249 respedlu
1681 2201 1783 2239 Dia—

136 2253 388 2303 phanorum
403 2255 596 2295 AEtheris
613 2256 650 2295 8(
667 2257 796 2295 Aeris
812 2258 884 2294 vix
900 2256 1148 2294 sensibiliter
1165 2261 1353 2304 pateant,
1374 2255 1411 2293 8(
1431 2266 1713 2302 nequaquam
1731 2255 1783 2292 ad

137 2310 342 2348 verticem
353 2312 596 2359 pertingere
608 2310 1032 2353 animaduertantur,
1046 2309 1129 2348 hoc
1142 2311 1419 2348 ratiocinium
1432 2311 1578 2346 minus
1591 2308 1783 2346 validum

138 2361 205 2407 est,
221 2364 360 2402 nimia
371 2365 504 2402 etiam
516 2363 632 2403 Coeli
645 2363 843 2402 distantia
856 2362 1150 2402 Refraetiones
1167 2362 1407 2401 minutulas
1423 2361 1609 2409 aspectui
1627 2361 1783 2399 subtra-

70 2421 103 2447 40
138 2414 280 2455 hente.
300 2416 458 2465 Neque
475 2419 608 2456 etiam
624 2417 723 2456 satis
739 2417 1017 2465 consequitur
1033 2417 1121 2455 duo
1139 2416 1339 2463 Corpora
1357 2416 1542 2453 eandem
1556 2415 1592 2452 8(
1606 2414 1784 2452 similem

139 2467 500 2518 Diaphanitatem
524 2470 778 2515 obtinentia,
805 2473 937 2509 etiam
961 2470 1151 2508 eiusdem
1175 2469 1347 2517 prorsus
1371 2468 1611 2506 substantiae
1636 2467 1672 2505 8(
1697 2479 1784 2504 ma-

138 2524 258 2561 teriae
275 2523 364 2562 esse.
385 2523 470 2562 Sed
487 2526 592 2572 quia
608 2524 660 2562 de
677 2523 745 2562 his
761 2524 864 2562 alibi
882 2523 1095 2571 copiosius
1112 2523 1292 2570 disputo,
1314 2534 1368 2560 ne
1387 2523 1572 2559 nimium
1589 2521 1671 2558 hoc
1690 2521 1785 2557 loco

1675 2584 1785 2610 clrca
