2243 3225
395 200 471 237 290
767 191 1221 233 ASTRONOMIAE
1242 188 1664 228 INSTAURATAE

718 299 1019 338 STELLULA
1041 299 1104 336 IN
1127 295 1337 336 CAPITE
1359 294 1709 334 CASSIOPEAE.
2061 301 2123 335 283

395 362 645 454 HUIUS
657 364 823 409 primae‚
837 363 882 398 in
895 361 1131 407 Cassiopea,
1145 358 1288 396 Stellae
1300 357 1426 395 [itum
1438 355 1774 394 demonstratiue
1787 355 2037 394 enucleatu-

516 428 600 459 rus,
610 414 951 462 Triangulorum
961 414 1271 455 connexiones,
1283 410 1321 448 8(
1331 408 1594 448 inductionis
1605 409 1884 453 Methodum,
1895 409 2038 447 breui-

391 470 470 506 bus
484 471 694 516 aperiam;
707 473 750 504 vt
762 467 917 504 eadem
928 465 1217 513 sequentibus,
1230 465 1389 501 maiori
1401 474 1454 500 ex
1466 468 1600 510 parte,
1612 462 1835 500 lucidioris
1847 462 2038 501 intellec-

391 530 458 559 tus
470 522 619 565 caussa‚
637 520 847 568 applicari
860 524 1035 566 queant,
1052 529 1107 555 ne
1119 516 1333 555 fastidiosa
1344 517 1601 563 repetitione
1613 517 1659 553 in
1670 515 1845 563 singulis
1857 526 1969 562 opus
1979 515 2038 554 fit.
2076 529 2092 554 ⁵

444 574 701 612 Distantiam
717 573 849 611 huius
862 572 1006 610 Stellae
1019 570 1249 609 demensus
1260 569 1354 607 sum
1365 581 1392 607 a
1404 568 1570 607 Lucida
1581 568 1709 616 supra
1721 568 1867 616 Caput
1877 569 2039 607 Arietis

390 628 431 665 P.
446 628 507 665 34.
523 626 534 674 l
540 658 547 664 .
560 628 610 665 47
618 629 648 666 ³2⁷:
666 638 692 664 a
709 625 893 673 Capella
904 636 1009 663 vero
1021 624 1063 662 P.
1076 624 1139 662 43.
1154 622 1179 671 Ι.
1192 623 1277 662 44ὲ.
1295 622 1414 660 Hinc
1430 622 1578 660 locum
1595 624 1689 660 eius
1704 621 1899 669 sequenti
1910 623 2039 660 ratio-

593 706 617 733 p
790 680 1008 716 cinatione
1039 676 1269 724 indagabo.
1300 675 1362 714 Sit
1386 677 1432 713 in
1458 675 1661 723 assignata
1686 674 1980 713 delineatione
2007 674 2040 713 P

790 732 920 769 Polus
937 730 1169 778 Eclipticae‚
1190 730 1232 767 A
1249 728 1447 776 Capella,
1469 728 1504 766 B
1523 728 1689 766 Lucida
1704 729 1878 772 Arietis,
1900 727 1938 767 C
1954 727 2039 767 Ca-

789 790 866 832 put
883 784 1132 831 Cassiopeae,
1150 784 1275 820 cujus
1291 782 1439 820 locum
1454 783 1676 829 inquirere
1693 781 2004 819 constituimus.
2079 793 2109 820 io

442 737 677 999 Α
698 864 717 887 c
842 838 1037 875 Primum
1058 839 1205 884 itaque
1226 838 1272 873 in
1287 834 1529 883 Triangulo
1545 835 1679 879 APB,
1701 836 1915 882 quoniam
1933 834 2039 873 dan-

789 897 857 928 tur
883 891 970 928 duo
996 890 1133 928 latera
1155 889 1247 933 ΑΡ,
1274 888 1648 936 complementum
1671 887 1932 926 Latitudinis
1955 887 2040 927 Ca-

653 888 683 1039 ,
789 944 916 992 pellae
933 944 975 981 P.
988 943 1051 981 67.
1066 941 1091 990 l.
1104 943 1167 982 921:
1185 942 1258 980 PB
1271 941 1663 989 Complementum
1678 941 1940 979 Latitudinis
1955 941 2039 979 Lu-

392 994 424 1031 A
790 997 897 1035 cidae
910 998 1069 1034 Arietis
1081 996 1123 1034 Ρ.
1136 996 1199 1034 80.
1214 994 1239 1043 Ι.
1252 995 1292 1033 3:
1310 994 1348 1033 8(
1364 995 1543 1043 Angulo
1559 997 1797 1042 intercepto
1812 994 1947 1038 APB,
1963 1005 2040 1042 per

427 1016 674 1153 δ
790 1049 1082 1088 differentiam
1089 1048 1393 1097 Longitudinis
1400 1048 1620 1096 vtriusque
1627 1047 1785 1092 Stellae,
1796 1053 1914 1092 noto,
1924 1047 1967 1086 P.
1975 1048 2038 1086 44.
2080 1060 2110 1086 15

791 1102 816 1151 l.
834 1104 878 1141 ll.
896 1103 1087 1141 Prodibit
1104 1114 1157 1140 ex
1172 1101 1517 1150 Triangulorum
1532 1101 1699 1149 legibus
1715 1101 1850 1139 Latus
1864 1102 2040 1139 tertium

400 1137 426 1160 Β
662 1153 684 1180 Ε
730 1141 751 1171 F
789 1157 885 1200 AB,
902 1156 944 1194 P.
958 1156 1020 1194 44.
1037 1154 1062 1204 l.
1075 1156 1111 1194 6.
1128 1154 1171 1203 ss.
1185 1155 1247 1199 35,
1265 1155 1384 1202 quod
1400 1154 1679 1203 repraesentat
1695 1154 1940 1193 distantiam
1956 1154 2040 1192 Lu·

390 1211 497 1248 cidae
514 1212 674 1248 Arietis
693 1209 731 1247 8(
751 1209 923 1257 Caprae,
946 1221 1046 1247 cum
1068 1221 1132 1253 ea,
1155 1220 1291 1256 quam
1311 1208 1544 1256 aliquoties
1564 1207 1946 1246 instrumentaliter
1966 1207 2040 1246 ob-

389 1264 673 1307 seruauimus,
691 1263 946 1301 adamussim
962 1262 1315 1300 consentientem.
1334 1262 1398 1299 Ex
1415 1262 1526 1300 datis
1536 1272 1642 1299 vero
1655 1273 1773 1300 nunc
1784 1261 1921 1300 tribus
1932 1260 2039 1299 eius-

390 1318 488 1355 dem
504 1316 730 1364 Trianguli
750 1316 969 1359 lateribus,
991 1315 1194 1364 Angulus
1211 1315 1326 1353 PAB
1348 1315 1482 1353 latere
1502 1316 1671 1362 nequit:
1693 1316 1769 1362 qui
1789 1325 1866 1362 per
1887 1325 2039 1362 opera·
2077 1325 2110 1352 zo

389 1373 553 1408 tionem
570 1370 716 1408 euadit
733 1370 775 1407 P.
792 1370 855 1408 99.
875 1368 900 1417 Ι.
917 1370 980 1407 30.
1000 1368 1042 1417 ll.
1060 1369 1112 1407 17.

443 1424 614 1461 Deinde
631 1426 676 1461 in
691 1423 931 1471 Triangulo
951 1422 1091 1467 BAC,
1114 1424 1219 1470 quia
1239 1422 1372 1460 Latus
1389 1421 1471 1460 AC
1491 1421 1619 1460 scitur
1640 1433 1694 1460 ex
1714 1421 2039 1469 intercapedine

391 1477 585 1524 Capellae
607 1476 644 1514 &
667 1477 834 1524 Capitis
856 1476 1106 1523 Cassiopeae,
1127 1481 1171 1513 vt
1192 1476 1293 1518 dixi,
1315 1475 1358 1513 Ρ.
1380 1475 1442 1513 43.
1467 1473 1491 1523 l.
1514 1475 1603 1518 443:
1628 1474 1666 1513 8(
1687 1474 1776 1519 BC,
1798 1486 1821 1512 e
1841 1474 2040 1513 distantia

390 1531 565 1568 Lucidae
582 1531 754 1573 Arietis,
775 1535 907 1577 atque
929 1529 1120 1567 eiusdem
1138 1529 1305 1576 Capitis
1322 1528 1560 1577 Cassiopeae
1579 1528 1622 1566 P.
1640 1528 1702 1566 34.
1721 1526 1747 1576 l.
1764 1529 1854 1567 47³2:
1876 1528 1954 1566 BA
1975 1529 2039 1566 in-

389 1583 513 1631 super
531 1583 726 1630 Capellae
744 1583 781 1621 &
798 1583 975 1621 Lucidae
991 1584 1153 1620 Arietis
1169 1582 1454 1620 interuallum
1470 1581 1806 1630 repraesentante
1823 1581 1866 1619 P.
1883 1581 1946 1619 44.
1963 1579 1988 1629 Ι.
2000 1581 2037 1620 6.
2076 1592 2109 1618 2⁵

391 1636 433 1684 ll.
456 1637 517 1675 35.
542 1637 654 1684 Ergo
678 1648 731 1674 ex
752 1639 865 1674 notis
887 1636 1023 1674 tribus
1045 1636 1284 1678 Lateribus,
1308 1635 1652 1674 manifestabitur
1672 1634 1876 1683 Angulus
1896 1634 2038 1678 BAC.

390 1690 430 1727 Ρ.
444 1691 496 1728 51.
512 1689 536 1737 l.
549 1689 585 1728 3.
600 1688 642 1737 ll.
656 1691 709 1728 15.
727 1689 828 1736 Quo
845 1689 1011 1728 sublato
1028 1690 1082 1727 ab
1095 1689 1273 1737 Angulo
1285 1689 1402 1727 ΡΑΒ
1418 1688 1615 1737 superius
1631 1690 1828 1732 inuento,
1844 1687 2039 1726 refiduus

390 1746 467 1781 erit
484 1743 685 1791 Angulus
701 1744 775 1781 PA
784 1743 832 1785 C.
850 1743 892 1780 P.
910 1743 972 1781 48.
993 1742 1017 1790 l.
1035 1743 1098 1781 27.

444 1797 637 1834 Demum
653 1799 698 1834 in
709 1796 949 1844 Triangulo
964 1796 1037 1834 PA
1047 1796 1096 1839 C,
1114 1798 1219 1843 quia
1231 1796 1304 1834 PA
1316 1802 1472 1834 notum
1489 1795 1544 1833 est
1560 1807 1636 1843 per
1649 1794 2038 1843 Complementum

392 1850 650 1887 Latitudinis
673 1850 869 1897 Capellae
894 1850 935 1887 P.
957 1850 1019 1888 67.
1043 1848 1068 1897 l.
1090 1850 1152 1889 9¹2:
1181 1849 1266 1888 CA
1290 1860 1343 1887 ex
1366 1849 1565 1887 distantia
1588 1848 1786 1896 Capellae
1809 1847 1848 1886 &
1871 1847 2039 1896 Capitis
2075 1859 2109 1885 ω

392 1903 627 1950 Cassiopeae
649 1903 875 1941 obseruata
892 1903 933 1940 P.
951 1903 1013 1940 43.
1033 1902 1058 1951 l.
1076 1903 1165 1942 44³2:
1188 1902 1225 1940 8(
1246 1903 1449 1951 Angulus
1466 1902 1586 1941 PAC
1606 1902 1675 1940 his
1695 1901 1885 1940 inclusus
1905 1901 2039 1940 modo

392 1959 540 2002 patuit.
558 1957 599 1993 P.
617 1956 678 1994 48.
696 1955 720 2003 l.
734 1956 795 1994 27.
813 1956 1009 1994 Tertium
1026 1958 1153 2004 igitur
1169 1956 1303 1994 Latus
1320 1956 1395 1995 PC
1411 1955 1643 1994 desiderari
1659 1967 1751 1993 non
1766 1954 1899 2003 poten
1915 1954 1958 1993 Ρ.
1974 1955 2038 1994 45.

393 2008 417 2056 l.
436 2010 510 2051 19¹2.
533 2010 904 2057 complementum
926 2010 1185 2047 Latitudinis
1203 2009 1370 2057 Capitis
1387 2009 1626 2057 Cassiopeae
1647 2009 1871 2047 exhibens.
1893 2009 2039 2056 Atque

392 2074 443 2099 ex
456 2063 589 2100 tribus
602 2065 646 2100 in
659 2064 814 2100 eodem
826 2063 1066 2110 Triangulo
1079 2065 1167 2100 iam
1180 2065 1294 2100 notis
1306 2063 1546 2106 Lateribus‚
1563 2062 1766 2110 Angulus
1778 2061 1902 2100 APC
1914 2061 2039 2099 fimul

393 2118 434 2152 in
462 2122 660 2162 apertum
686 2118 828 2153 veniet
855 2116 896 2153 P.
921 2117 982 2154 46.
1009 2115 1034 2163 l.
1058 2117 1134 2158 411..
1161 2115 1454 2154 differentiam
1480 2116 1784 2164 Longitudinis
1809 2114 2039 2163 propofitae
2076 2126 2109 2152 ³⁵

393 2169 535 2206 Stellae
554 2169 789 2216 Cassiopeae
809 2169 1099 2216 suppeditans,
1120 2169 1460 2208 subtrahendam
1477 2181 1503 2208 a
1520 2169 1812 2217 Longitudine
1829 2167 2039 2216 Capenae.

393 2228 433 2258 vt
451 2222 592 2263 huius.
615 2223 666 2259 de
684 2234 771 2269 qua
787 2225 968 2270 agimus.
991 2222 1168 2269 quaefita
1186 2223 1432 2271 Longitudo
1449 2223 1628 2261 tandem
1644 2228 1801 2270 pateat.
1823 2221 1865 2260 P.
1882 2221 1945 2260 29.
1964 2220 1990 2269 Ι.
2007 2222 2039 2259 11

393 2276 566 2311 Arietis:
593 2275 838 2313 Latitudine
861 2287 913 2313 ex
936 2275 1275 2322 Complemento
1296 2279 1416 2324 prius
1437 2279 1632 2318 inuento.
1656 2287 1744 2314 vna
1767 2280 2040 2323 competente

394 2328 434 2364 Ρ.
453 2329 513 2364 44.
534 2327 558 2373 Ι.
577 2328 643 2366 401·
666 2329 714 2365 B:
734 2330 850 2374 quod
868 2329 1203 2367 demonstratiue
1221 2330 1480 2367 adinuenire
1497 2329 1816 2377 proposuimus.

447 2381 540 2417 Pari
574 2381 787 2418 Methodo
818 2382 1007 2428 reliquas
1038 2382 1275 2429 Cassiopeae
1307 2383 1461 2421 Stellas
1493 2382 1894 2431 peruestigauimus.
1929 2392 2041 2430 quas
2077 2391 2110 2418 4ο

394 2434 618 2480 (praemissa
641 2434 721 2471 hac
747 2434 849 2481 ipsa)
874 2447 990 2472 nunc
1015 2434 1226 2473 succindta
1248 2437 1513 2474 indicatione
1535 2435 1866 2474 recensebimus.
1890 2434 2039 2474 Varie·

393 2493 523 2523 tatem
542 2487 669 2524 sicubi
687 2488 890 2534 aliqualis
909 2489 1116 2529 inciderit.
1134 2489 1421 2537 intelligentes
1438 2490 1563 2528 facile
1580 2489 1832 2528 discernent.
1849 2485 1865 2539 ΙΙ

1686 2541 2039 2589 SEQVVNTVR
