2243 3225
364 206 431 243 316
738 196 1189 237 ASTRONOMIAE
1211 192 1632 232 INSTAURATAE

364 312 518 357 partim
535 314 577 345 vt
595 307 786 345 Gnomae
807 304 894 341 illae
915 303 1002 340 siue
1020 302 1183 339 Ethicae
1201 299 1437 344 Doctrina
1459 310 1548 346 qua
1564 298 1784 336 Homines
1801 297 1856 336 ab
1872 298 2004 336 Arro-

363 365 508 410 gantia
520 362 799 400 deterrentur,
816 368 871 394 ne
883 358 928 393 in
941 356 1066 393 donis
1079 354 1179 392 DEI
1190 353 1454 400 superbiant;
1473 352 1510 389 8(
1526 363 1618 389 non
1629 351 1770 389 solum
1780 353 2006 398 proximos

363 415 431 453 sed
449 415 485 451 8(
503 412 675 451 DEVM
692 411 830 458 ipsum
846 420 922 456 per
939 413 1207 446 contemtum
1223 405 1455 444 fastuosum
1471 404 1679 442 aduersus
1694 403 1734 442 se
1750 406 1929 448 irritent,
1945 403 2005 442 vl-

363 471 479 505 tione
492 478 582 503 non
593 464 786 505 indubia,
799 463 1009 500 diuinitus
1020 460 1318 506 subsequente;
1331 460 1490 506 partim
1499 463 1542 495 vt
1554 457 1746 495 Historia
1756 457 2006 504 Cassiopeae,

364 521 400 558 8(
418 532 504 567 qua
521 517 743 556 occafione
755 516 870 553 illius
882 525 1047 552 nomen
1058 515 1169 551 inter
1181 512 1332 551 Sidera
1343 512 1530 549 relatum
1542 511 1754 555 credatur,
1770 512 1817 548 in
1832 515 2007 558 promtu
2044 523 2060 548 ⁵

365 574 467 611 esset.
486 569 499 621 ΙΙ

417 626 460 663 Si
477 626 572 672 quis
589 629 736 661 autem
752 623 890 669 magis
905 622 975 667 pie
993 619 1030 657 8(
1046 630 1160 663 vere,
1178 630 1312 666 quam
1329 618 1448 665 quod
1460 616 1636 655 Fabulis
1647 616 1821 654 vetustis
1836 627 1916 664 pro
1927 615 2007 654 Te·
2031 623 2095 655 312

364 679 561 716 stimonio
578 677 779 724 indigeat,
796 674 954 712 inferre
971 673 1084 715 velit,
1102 672 1185 710 hoc
1202 671 1422 709 insolitum
1439 670 1620 708 Diuinae
1636 672 1843 717 potentiae
1860 669 2007 708 Osten-

364 739 468 773 tum,
490 733 611 768 iuxta
632 729 848 775 Cassiopes
869 726 1239 764 constellationem
1259 724 1445 772 positum
1466 724 1554 768 esse,
1576 729 1620 761 vt
1638 723 1859 761 Homines
1874 722 2008 761 Mun·

365 785 467 822 dani
480 784 800 821 admoneantur
810 780 1045 818 securitatis
1055 784 1185 825 atque
1194 778 1406 824 superbiae
1417 776 1690 819 detestandae,
1702 787 1794 814 non
1803 775 2007 824 restagor.
2049 787 2079 814 ιο

365 837 453 876 Sibi
471 838 588 874 enim
604 835 700 882 ipfis
717 836 904 872 nimium
920 832 1140 879 placentes
1156 831 1330 868 DEVM
1347 842 1439 868 non
1454 829 1699 877 suspiciunt,
1720 841 1800 867 nec
1820 830 2009 876 proximi

365 901 515 928 curam
531 894 695 936 gerunt,
713 888 898 934 proprijs
914 886 1063 923 saltem
1079 884 1297 932 defiderijs
1313 883 1581 931 indulgendo
1598 884 1818 926 occaecati;
1834 883 2009 920 interim

365 950 512 981 tamen
523 942 681 988 vbique
698 940 785 978 fere
803 940 854 977 de
872 939 972 977 DEI
988 939 1133 976 Verbo
1149 938 1397 985 gloriantes,
1414 936 1705 974 nihilominus
1722 937 1933 984 conuicijs
1948 940 2009 974 at-

364 1008 447 1043 que
464 994 776 1033 maleuolentia
791 993 831 1030 se
848 994 1039 1030 inuicem
1060 991 1144 1029 hoc
1163 996 1378 1038 praetextu
1399 989 1734 1038 proscindentes,
1756 1000 1857 1027 cum
1877 999 2009 1027 nemo

363 1050 497 1087 ferme
515 1047 708 1085 officium
725 1047 865 1084 faciat.
887 1046 938 1083 Et
954 1045 1072 1092 quod
1088 1046 1281 1082 maxime
1298 1043 1620 1090 deplorandum
1639 1042 1706 1087 est,
1728 1042 1791 1080 illi
1807 1044 1882 1090 qui
1898 1041 2009 1080 alios
2050 1054 2080 1080 ιε

363 1103 417 1140 ad
443 1102 662 1143 Pietatem,
694 1100 978 1142 Charitatem‚
1010 1098 1411 1141 Mansuetudinem,
1436 1096 1738 1134 Tolerantiam
1766 1095 2010 1143 fimiliaque

364 1156 482 1193 Fidei
503 1154 656 1192 nostrae
678 1153 895 1191 elucentia
916 1152 1064 1199 Opera
1083 1151 1320 1192 adhortari,
1342 1156 1473 1197 atque
1494 1151 1650 1197 praeire
1671 1149 1889 1193 deberent,
1909 1147 2010 1187 fuco

364 1214 542 1246 externo
558 1208 778 1248 Pietatem,
796 1217 896 1253 quae
913 1205 1091 1252 simplex
1108 1204 1146 1242 8(
1162 1203 1394 1242 intrinseca
1410 1204 1486 1241 esse
1503 1203 1699 1247 debebat,
1719 1202 1956 1246 obducunt,
1973 1201 2011 1240 &

363 1263 584 1308 imperitos
601 1261 838 1306 decipiunt;
856 1259 908 1296 de
925 1260 1113 1305 proximi
1131 1259 1297 1295 Amore
1314 1257 1425 1295 nihil
1441 1262 1517 1295 aut
1533 1267 1691 1304 parum
1707 1255 1891 1299 solliciti;
1913 1254 2010 1293 Phi-

362 1315 497 1352 lautia
522 1314 671 1351 saltem
696 1313 957 1354 laborantes,
984 1311 1210 1358 Superbia,
1236 1312 1439 1348 Auaritia
1462 1309 1500 1347 8(
1523 1308 1737 1348 Vindictae
1763 1309 2009 1356 cupiditate,
2047 1320 2081 1346 20

362 1367 656 1410 tumescentes,
683 1366 876 1413 aliosque
901 1364 1213 1412 persequendo,
1240 1364 1295 1402 ad
1319 1364 1580 1401 Patientiam
1604 1364 1750 1410 potius
1775 1362 2010 1410 adigentes,

363 1432 496 1468 quam
513 1420 629 1467 quod
646 1419 721 1466 ipsi
737 1419 960 1456 moderate
978 1417 1015 1455 8(
1031 1418 1267 1456 toleranter
1282 1417 1322 1455 se
1339 1423 1507 1465 gerant;
1524 1419 1615 1454 imo
1631 1418 1742 1454 inter
1753 1415 1909 1463 seipsos
1920 1426 2013 1453 non

363 1476 687 1515 conuenientes,
705 1473 816 1510 adeo
832 1478 875 1509 vt
892 1474 981 1510 iam
997 1471 1216 1518 asperiora
1233 1470 1311 1508 fint
1327 1470 1618 1509 Calamorum
1633 1469 1761 1513 bella,
1778 1480 1915 1516 quam
1931 1469 2012 1506 Ar-

364 1538 550 1569 morum,
572 1526 640 1563 his
657 1526 856 1573 Corpori,
878 1525 962 1562 illis
978 1526 1156 1562 Animae
1173 1523 1477 1562 officientibus.
1499 1523 1606 1561 Non
1621 1524 1749 1571 igitur
1764 1524 1928 1560 mirum
1944 1521 2012 1565 en,

365 1580 598 1627 simplicem
611 1579 907 1626 &imperitam
923 1578 1107 1625 plebem,
1126 1589 1226 1624 quae
1244 1589 1296 1615 ex
1313 1577 1475 1615 horum
1491 1588 1566 1615 ore
1583 1576 1754 1624 pendet,
1771 1577 1832 1614 ita
1847 1575 2010 1623 palare,
2048 1586 2082 1612 25

364 1641 493 1680 atque
518 1635 561 1670 iri
586 1633 716 1670 deuia
739 1632 920 1679 prolabi,
946 1633 1146 1679 ignorato
1170 1630 1207 1668 8(
1230 1629 1425 1678 negledto
1451 1629 1629 1678 angusto
1652 1629 1856 1667 Veritatis
1880 1634 2012 1676 atque

366 1687 543 1723 Virtutis
559 1688 741 1728 tramite,
759 1686 893 1723 latam
910 1685 1031 1722 illam
1049 1684 1086 1722 8(
1102 1686 1246 1722 tritam
1263 1684 1482 1722 immundi
1493 1683 1656 1721 Mundi
1671 1685 1791 1721 viam
1807 1683 1940 1720 nimis
1954 1681 2013 1720 se-

367 1751 466 1777 cure
491 1751 674 1781 currere,
698 1738 1027 1785 posthabitoque
1049 1737 1232 1775 AEterno
1255 1737 1292 1774 &
1313 1749 1418 1775 vero
1443 1737 1569 1775 Bono
1592 1736 1856 1783 salutarique
1880 1734 2013 1773 Disci-

367 1793 498 1839 plina,
516 1799 684 1830 naturae
697 1793 857 1830 Adami
871 1791 1097 1829 Terrestris
1114 1797 1329 1838 corruptae
1345 1790 1443 1829 licet
1459 1790 1629 1833 acerba,
1646 1801 1722 1837 per
1737 1789 1778 1828 se
1794 1795 1944 1828 tamen
1958 1788 2014 1827 ad

368 1846 521 1883 Christi
539 1846 733 1883 Coelestis
751 1845 960 1893 Regulam
977 1847 1154 1892 optima.
2049 1852 2083 1879 30

420 1899 549 1936 Nunc
563 1899 862 1946 Figurationes
875 1898 1125 1945 Cassiopeae,
1143 1909 1253 1944 quas
1269 1897 1397 1945 supra
1408 1897 1626 1944 pollicitus
1638 1896 1744 1940 sum,
1761 1895 2012 1944 adiungam.

367 1953 496 1998 idque
513 1951 725 1989 bifariam.
744 1952 842 1989 Vno
859 1951 1004 1993 modo,
1023 1958 1064 1988 vt
1082 1952 1213 1988 nudae
1227 1951 1384 1991 Stellae.
1403 1962 1513 1998 quas
1525 1947 1539 2000 ΙΙ
1552 1962 1632 1998 ego
1648 1950 1699 1988 26
1715 1949 1851 1997 duplo
1866 1949 2014 1996 plures
2037 1953 2100 1986 313

368 2017 499 2051 quam
513 2006 805 2042 Antecessores
818 2005 958 2047 nostri,
976 2005 1184 2042 denotaui
1202 2004 1299 2050 (ceu
1312 2006 1356 2041 in
1369 2003 1456 2041 fine
1468 2005 1624 2051 prioris
1637 2003 1817 2050 Capitis,
1834 2001 2014 2050 quando

369 2070 519 2095 earum
531 2059 626 2095 loca
639 2058 804 2095 caelitus
817 2058 1178 2101 demonstrabam,
1196 2057 1351 2104 patuit)
1368 2057 1607 2095 secundum
1623 2057 1814 2095 debitam
1830 2055 1886 2094 ad
1902 2057 2013 2093 inui-

369 2123 460 2148 cem
479 2111 794 2158 dispositionem
812 2111 1091 2152 collocentur,
1113 2111 1244 2157 idque
1262 2113 1382 2149 iuxta
1400 2110 1739 2158 Longitudinem
1755 2116 1886 2157 atque
1902 2109 2015 2147 Lati·
2052 2119 2085 2145 35

368 2165 562 2201 tudinem
581 2165 696 2210 (quae
712 2167 755 2201 in
768 2166 962 2211 margine
976 2165 1180 2202 Ambitus
1197 2164 1480 2211 quadrilateri
1497 2163 1832 2211 distinguuntur)
1848 2163 2014 2200 vnicui-

370 2217 468 2253 libet
490 2218 758 2263 deputatam:
781 2218 931 2255 Altero
949 2224 990 2254 vt
1008 2218 1176 2255 eaedem
1192 2217 1337 2255 Stellae
1358 2219 1403 2254 in
1424 2215 1537 2265 pidia
1554 2216 1792 2264 Cassiopeae
1810 2217 2014 2263 imagine.

370 2272 536 2306 ratione
563 2270 819 2317 symmetriae
846 2271 1157 2312 membrorum,
1187 2270 1376 2317 apposite
1403 2270 1632 2318 signentur,
1659 2270 1815 2308 additis
1840 2268 2015 2317 fingulis

369 2330 456 2359 tam
479 2323 547 2359 hic
566 2335 697 2369 quam
716 2324 801 2360 illic
820 2323 902 2360 suis
920 2326 1126 2364 numeris.
1149 2324 1306 2370 quibus
1329 2326 1450 2361 iuxta
1467 2324 1667 2361 ordinem
1683 2335 1709 2361 a
1725 2323 1852 2361 nobis
1868 2333 2013 2360 recen-

370 2376 522 2412 sentur.
537 2376 773 2422 Vtrobique
786 2384 932 2413 autem
946 2376 1090 2414 Stellae
1104 2376 1239 2417 situm.
1252 2389 1387 2424 prope
1399 2377 1677 2415 vndecirnam
1689 2376 1810 2414 illam
1822 2377 2013 2414 minutu·
2050 2385 2084 2412 4ο

370 2429 456 2465 lam
475 2429 649 2475 signaui.
667 2436 705 2465 vt
726 2441 811 2465 vno
830 2429 947 2475 quasi
966 2432 1123 2466 intuitu
1141 2429 1268 2476 ipsius
1286 2429 1476 2477 respectu
1494 2430 1764 2477 reliquarum
1777 2429 2014 2476 Cassiopeae

369 2481 600 2519 Stellarum
619 2482 829 2519 habitudo
847 2489 976 2528 atque
995 2482 1222 2520 collocatio
1240 2483 1378 2520 oculis
1395 2483 1592 2530 patescat.

1753 2535 2012 2574 Notandum
