2243 3225
419 213 495 251 334
793 207 1246 247 ASTRONOMIAE
1267 205 1687 245 INSTAURATAE

419 317 681 365 Regularum
698 314 910 362 dispositio
926 313 1104 352 strictius
1120 313 1379 356 firmaretur,
1401 312 1580 360 quando
1599 314 1809 350 nimirum
1825 312 2060 351 Stellarum

418 371 620 408 binarum
640 368 918 414 intercapedo
939 369 1028 405 iam
1048 367 1146 404 satis
1166 365 1341 413 praecise
1362 366 1538 404 obtenta
1558 365 1680 403 foret.
1701 365 1819 403 Licet
1836 365 1935 404 &in
1954 377 2058 404 eun-

418 424 516 461 dem
532 422 654 459 vsum
674 423 794 458 iuxta
815 420 1120 458 Pinnacidium
1138 419 1174 457 C
1190 420 1360 457 tutioris
1380 418 1655 456 stabilimenti
1676 418 1805 457 causa
1821 415 1835 469 ΙΙ
1852 421 1985 457 etiam
2004 419 2058 458 ab
2083 425 2148 457 340

417 476 551 513 altera
568 474 743 522 Regulae
760 479 880 521 parte
898 472 1140 511 Cochleam
1157 472 1338 509 fimilem
1355 471 1644 519 apposuerim,
1662 483 1762 519 qua,
1780 471 1956 519 peracta
1972 472 2058 511 Ob·

415 529 658 566 seruatione
676 526 1050 572 Instrumentoque
1067 525 1122 563 ab
1139 525 1268 563 oculo
1289 530 1470 567 remoto,
1492 524 1592 562 situs
1608 525 1785 573 Regulae
1805 525 1992 570 mobilis,
2012 527 2059 564 in
2096 538 2112 563 5

416 583 535 619 Arcu
555 580 818 618 diuifionum
838 578 1008 617 stric'tim
1029 578 1288 616 firmaretur.
1311 578 1366 616 Vt
1381 589 1486 616 vero
1508 578 1783 616 commodius
1800 578 2058 617 Instrumen-

415 640 507 672 tum
519 634 602 671 hoc
614 632 794 680 disiungi
806 632 1121 679 constringique
1134 632 1273 679 posset,
1287 631 1426 669 donec
1436 631 1670 669 Stellarum
1682 632 2060 670 demetiendarum

414 687 695 725 interuallum
705 686 958 724 adamussim
968 685 1224 723 Pinnacidio
1233 690 1429 732 vtroque,
1440 684 1912 732 compraehenderetur,
1924 685 2060 723 aliam

415 740 638 788 quandam
665 739 907 778 Cochleam
932 738 1180 786 oblongam,
1207 738 1350 776 DME
1376 738 1575 786 adaptari
1599 737 1692 781 feci,
1718 738 1850 786 idque
1876 740 2008 777 etiam
2031 750 2059 777 a

414 793 634 841 posteriori
650 792 923 830 Instrumenti
939 797 1072 839 parte,
1090 803 1191 838 quae
1206 803 1283 839 per
1298 791 1583 830 manubrium
1599 791 1654 830 ad
1671 791 1704 829 F
1719 793 1797 830 rite
1813 791 2058 830 conforma·
2100 804 2130 829 ιο

414 852 518 890 tum,
540 849 584 884 in
605 846 719 884 hanc
735 846 805 883 vel
825 845 946 883 illam
967 851 1135 892 partem
1152 843 1458 888 circumducta,
1477 856 1565 883 vna
1582 844 1768 892 Regulas
1785 844 2059 884 Instrumenti

413 899 658 941 attraheret.
684 904 759 936 aut
784 900 915 936 etiam
940 898 1167 941 relaxaret,
1193 909 1272 946 pro
1297 898 1635 946 intercapedinis
1660 897 1946 937 obseruandae
1971 900 2058 937 exi-

412 955 567 1000 gentia.
585 953 742 999 Neque
756 954 873 990 enirn
885 953 1094 989 remotius
1106 963 1132 990 a
1145 951 1309 990 Centro
1322 951 1596 990 Instrumenti
1608 951 1906 1000 elongabatur,
1923 963 2059 1000 quam

412 1012 455 1044 vt
472 1005 714 1053 quiescente
731 1006 785 1043 ad
802 1005 819 1042 I
837 1005 992 1049 Oculo,
1009 1016 1148 1043 manu
1163 1004 1324 1043 sinistra
1339 1005 1625 1044 manubrium
1637 1004 1881 1043 Cochleam
1891 1016 2057 1053 regens,

412 1058 583 1097 traciari
598 1059 737 1106 posset.
756 1059 871 1096 Licet
887 1070 992 1096 vero
1010 1057 1207 1096 Cochlea
1223 1058 1318 1097 haec
1336 1056 1509 1102 dimdia,
1530 1070 1622 1096 non
1638 1058 1842 1097 Arcualis
1857 1057 1998 1103 fuerit,
2014 1064 2058 1097 vt
2100 1070 2129 1096 15

412 1113 466 1150 ob
487 1112 529 1150 id
550 1114 712 1150 mirum
732 1112 868 1150 videri
890 1117 1033 1159 queat,
1055 1111 1281 1159 quomodo
1302 1111 1501 1160 Regulas‚
1523 1123 1624 1159 quae
1645 1114 1690 1149 in
1711 1111 1895 1150 modum
1915 1113 2058 1150 Arcus

412 1168 524 1203 circa
549 1165 762 1203 Centrum
787 1165 1094 1208 mouebantur,
1124 1165 1439 1209 moderaretur,
1470 1171 1664 1203 attamen
1693 1164 1827 1203 huius
1852 1164 2057 1204 obstaculi

411 1219 690 1267 praecauendi
713 1220 862 1266 gratia,
884 1218 1143 1256 Matriculas
1164 1218 1431 1266 posteriores,
1455 1220 1501 1256 in
1525 1219 1683 1266 quibus
1701 1218 1898 1257 Cochlea
1917 1218 2057 1257 helice

409 1272 654 1320 gyrabatur,
672 1272 898 1310 clauiculis
910 1272 1116 1310 teretibus
1127 1272 1483 1310 conuolubilibus
1495 1271 1737 1315 affixeram,
1750 1271 1892 1319 ficque
1904 1283 2057 1320 quam-

411 1337 597 1373 cumque
619 1325 878 1363 extenfionis
897 1327 1114 1363 rationem
1131 1325 1328 1364 Cochlea
1343 1328 1455 1363 inter
1471 1325 1902 1370 circumducendum,
1918 1331 1962 1364 vt
1978 1325 2056 1364 Re·
2095 1337 2129 1362 20

409 1379 522 1426 gulae
539 1379 770 1417 arcualiter
786 1381 1064 1427 agitarentur,
1082 1379 1350 1426 exposcebat,
1368 1379 1621 1417 Matriculae
1637 1378 1725 1417 illae
1741 1379 1938 1423 mobiles,
1954 1378 2058 1418 hinc

409 1433 509 1470 inde
526 1432 736 1474 nutando.
754 1432 1116 1480 obtemperarent.

461 1486 693 1533 Applicato
709 1488 856 1533 itaque
873 1488 987 1524 circa
1003 1486 1020 1524 Ι
1038 1486 1193 1529 Oculo,
1215 1492 1346 1533 atque
1368 1486 1529 1524 ibidem
1550 1497 1876 1533 nonnunquam
1897 1486 2058 1525 rimula

410 1540 614 1586 quadam,
632 1551 731 1576 cum
744 1539 1007 1577 collimatius
1019 1551 1087 1577 res
1099 1540 1348 1587 peragenda
1359 1538 1481 1583 foret,
1499 1539 1708 1583 adhibita,
1722 1551 1778 1577 ne
1790 1541 1835 1577 in
1846 1539 2058 1578 Tenebris

410 1592 562 1630 oculus
585 1604 611 1630 a
634 1592 743 1635 loco,
770 1592 933 1630 Centro
959 1593 1246 1637 Instrumenti,
1273 1591 1464 1640 respectu
1487 1592 1862 1635 circumferentiae,
1888 1599 2056 1632 contra·
2095 1604 2128 1630 2⁵

409 1646 555 1693 polito.
577 1646 781 1683 nonnihil
799 1646 1007 1688 deuiaret.
1029 1646 1293 1694 dirigebatur
1309 1645 1556 1694 superficies
1571 1648 1703 1684 totius
1720 1645 1995 1684 Instrumenti
2011 1648 2057 1685 in

408 1699 591 1746 planum
607 1701 866 1746 quarumuis
883 1700 1072 1738 duarum
1089 1699 1324 1738 Stellarum
1344 1711 1421 1747 per
1441 1700 1814 1747 intercapedinem
1830 1700 2056 1738 dimetien-

409 1753 576 1795 darum,
589 1758 796 1800 motaque
808 1752 892 1791 hac
904 1753 1003 1791 illac
1016 1753 1213 1792 Cochlea
1224 1753 1469 1801 oblongiori
1479 1753 1571 1795 DE,
1584 1752 1799 1791 beneficio
1809 1750 2056 1804 Manubrijss

409 1806 463 1843 ad
476 1806 517 1848 F.
532 1806 669 1844 donec
682 1805 826 1844 Stellae
839 1806 926 1844 illae
939 1809 1052 1845 intra
1064 1807 1307 1845 Pinnicidia
1319 1806 1394 1845 BC
1407 1807 1518 1844 adeo
1531 1805 1680 1845 exacte
1693 1806 2055 1854 conspicerentur,
2080 1812 2140 1844 341

411 1865 452 1896 vt
464 1859 574 1896 nihil
585 1859 828 1897 abundaret
837 1860 906 1897 vel
919 1859 1136 1903 deficeret;
1148 1860 1263 1898 Tum
1276 1861 1455 1898 demum
1464 1859 1638 1898 firmata
1648 1859 1891 1898 Cochleola
1902 1871 1929 1898 a
1939 1866 2058 1908 tergo
2096 1871 2131 1897 ³0

410 1924 543 1960 prope
554 1913 599 1955 L,
612 1924 786 1960 vnaque
797 1913 872 1951 illa
882 1913 910 1951 fi
920 1913 1099 1956 luberet,
1113 1925 1213 1961 quae
1224 1925 1250 1952 a
1260 1913 1482 1961 posteriori
1494 1919 1615 1961 parte
1628 1913 1742 1952 infra
1751 1913 2058 1952 Pinnacidium

411 1966 704 2004 collocabatur
726 1966 780 2004 ad
802 1968 968 2004 Arcum
991 1967 1265 2005 Instrumenti
1286 1969 1408 2005 iuxta
1430 1967 1480 2005 K.
1506 1967 1625 2014 Quot
1648 1967 1808 2015 gradus
1829 1967 1867 2005 ἀ
1886 1969 2059 2006 minuta

411 2019 673 2067 Pinnacidijs
687 2019 765 2058 BC
778 2021 1103 2062 interiacebant.
1121 2021 1301 2059 totidem
1318 2020 1473 2059 Stellas
1489 2020 1729 2068 propositas
1745 2022 1978 2064 remoueri,
1994 2022 2057 2059 in-

410 2073 643 2110 dicabatur.
657 2074 801 2120 Atque
812 2073 864 2111 s1c
875 2073 938 2111 bis
948 2074 1017 2111 vel
1027 2080 1089 2112 ter
1099 2074 1305 2112 relaxatis
1315 2075 1559 2112 minoribus
1570 2073 1788 2116 Cochleis.
1800 2080 2057 2122 mutatoque

412 2125 682 2163 Instrumenti
705 2127 894 2174 Angulo.
919 2127 1163 2174 periculum
1187 2127 1317 2165 fiebat
1341 2139 1399 2166 an
1421 2128 1575 2166 eadem
1596 2127 1756 2175 vbique
1777 2127 2057 2175 intercapedo
2096 2139 2129 2164 35

411 2179 583 2225 praecise
601 2182 864 2226 proueniret,
882 2181 1012 2227 idque
1029 2181 1168 2218 donec
1186 2183 1337 2219 omnia
1354 2180 1502 2220 exadte
1519 2183 1710 2219 inuicem
1727 2187 2027 2229 congruerent.

464 2232 581 2278 Quia
598 2244 700 2270 vero
718 2233 884 2280 pupilla
901 2234 1015 2271 oculi
1033 2235 1088 2272 ad
1101 2234 1316 2272 Centrum
1328 2234 1615 2275 Instrumenti.
1633 2233 1824 2282 respectu
1840 2236 1965 2273 cuius
1977 2235 2057 2273 Ar·

411 2297 485 2322 cus
509 2285 546 2322 &
570 2285 802 2323 diuifiones
826 2289 919 2324 eius
942 2288 1196 2334 procedunt,
1220 2288 1379 2326 versari
1403 2300 1493 2326 non
1517 2290 1668 2336 potuit.
1695 2288 1959 2336 impediente
1982 2287 2058 2326 illa

411 2338 543 2376 solida
560 2346 692 2385 parte,
710 2351 809 2385 quae
827 2340 880 2377 est
898 2341 951 2378 ab
969 2342 1007 2377 Α
1026 2343 1070 2378 in
1088 2341 1117 2382 Ι,
1135 2342 1294 2379 idcirco
1311 2342 1591 2380 necessarium
1609 2342 1823 2380 euadebat
1837 2341 2057 2380 distantias

411 2391 552 2429 Oculo
575 2392 819 2429 Eccentrice
842 2393 950 2431 vltra
972 2395 1113 2431 Arcus
1134 2395 1427 2432 meditullium
1449 2395 1604 2437 locato.
1628 2395 1976 2442 intercapedines
1996 2396 2056 2433 vi·
2095 2406 2129 2432 ⁴0

410 2443 486 2485 sas.
506 2444 611 2481 iusso
628 2447 816 2483 maiores
833 2447 1077 2487 exhibuisse.
1095 2459 1174 2485 nec
1192 2447 1266 2495 ipsi
1280 2448 1409 2486 Coelo
1426 2448 1599 2496 prorsus
1615 2448 1840 2487 consonas.
1858 2448 1913 2486 Vt
1929 2450 2058 2496 igitur

411 2497 511 2535 huic
529 2497 769 2535 difficultati
788 2500 995 2540 mederer.
1014 2500 1240 2538 Tabellam
1254 2503 1478 2548 quandam
1491 2504 1535 2540 in
1548 2501 1769 2550 posteriori
1783 2501 2056 2540 Iusti-umenti

1935 2560 2056 2602 parte
