2243 3225
438 229 505 267 128
812 225 1266 264 ASTRONOMIAE
1287 224 1709 264 INSTAURATAE

436 335 491 372 ad
508 333 772 381 Eclypticam
788 332 823 370 5.
837 332 879 369 P.
892 331 928 370 8.
943 330 968 379 l.
986 331 1068 369 AB
1085 333 1270 369 minima
1285 331 1560 379 intelligatur,
1578 330 1616 368 &
1633 330 1718 369 CA
1735 330 1949 369 Maxima.
1966 331 2081 370 Vera

436 386 632 424 distantia
648 385 827 432 duplata
844 385 1152 422 Luminarium
1172 389 1430 422 numeratur
1446 396 1473 422 a
1489 384 1522 422 B
1539 395 1615 431 per
1632 383 1711 422 EC
1727 383 1923 431 usquein
1940 384 1972 422 F
1986 384 2022 422 7.
2039 384 2079 423 S.

994 438 1047 475 14.
1064 437 1107 475 P.
1124 437 1187 475 36.
1206 435 1231 485 l.
1249 437 1302 475 16.
1322 436 1365 485 ll.
1383 437 1477 475 Iam
1492 439 1539 474 in
1551 437 1792 485 Triangulo
1808 436 1938 475 FDA
1954 437 2081 476 datur

993 490 1107 528 latus
1123 490 1213 528 DA
1229 491 1265 528 5.
1284 490 1326 528 Ρ.
1343 490 1379 528 8.
1399 489 1424 538 l.
1452 490 1605 528 Media
1625 492 1836 528 nimirum
1855 489 2080 529 inclinatio

993 543 1110 581 orbis
1129 544 1171 588 D,
1189 543 1356 581 &latus
1373 543 1456 581 DF
1471 543 1654 582 Semissis
1670 542 1928 581 differentiae
1943 546 2080 582 maxi-
2116 557 2132 583 ⁵

993 608 1080 634 mae
1090 596 1128 634 &
1137 598 1335 634 minimae
1347 597 1656 635 inclinationis.
1667 596 1703 635 9.
1715 595 1741 644 Ι.
1752 596 1814 634 30.
1827 594 1839 644 l
1845 594 1871 644 Ι.
1881 607 1969 635 vna
1980 608 2081 635 cum

993 650 1155 698 angulo
1178 649 1342 688 incluso
1359 650 1500 694 FDA‚
1523 652 1598 697 qui
1621 649 1676 688 est
1693 649 2081 697 Complementum

993 703 1177 751 duplicis
1194 703 1497 751 Longitudinis
1512 704 1541 748 D
1553 715 1580 741 a
1598 704 1642 748 (D
1661 714 1778 741 verae
1794 702 1930 750 usque
1946 703 2002 741 ad
2018 705 2079 741 in-

992 762 1161 804 tegrum
1182 757 1395 794 circulum
1414 757 1450 794 4.
1469 756 1508 795 S.
1531 757 1584 795 15.
1602 756 1645 794 P.
1666 756 1729 795 23.
1749 755 1774 804 l.
1791 756 1854 794 44.
1873 754 1916 804 ll.
1939 755 2081 795 Datur

994 812 1121 858 igitur
1143 821 1220 857 per
1240 809 1567 857 Sphaericorum
1587 809 1909 857 triangulorum
1929 807 2080 848 doetri-
2119 821 2149 848 ιο

993 874 1098 901 nam
1110 862 1298 911 angulus
1310 863 1389 900 FA
1398 863 1439 900 D
1451 862 1836 910 Prosthaphaerefis
1847 862 2081 901 Nodorum

994 917 1019 954 l.
1033 916 1076 954 P.
1094 916 1147 954 12.
1166 914 1191 964 l.
1209 916 1272 954 57.
1291 914 1304 963 Ι
1309 914 1348 963 1.,
1366 916 1450 954 hoc
1466 918 1512 954 in
1527 916 1626 954 loco
1641 915 1935 954 subtrahenda
1950 927 1978 954 a
1991 927 2080 954 me-

993 970 1065 1007 dio
1085 975 1210 1007 motu
1230 969 1504 1013 Latitudinis,
1526 969 1742 1017 Latusque
1763 969 1839 1007 FA
1859 969 1896 1008 5.
1917 968 1960 1007 Ρ.
1982 969 2036 1007 14.
2053 967 2079 1018 Ι.

992 1022 1055 1061 50.
1065 1021 1109 1070 ll.
1120 1022 1308 1070 angulus
1317 1022 1615 1061 inclinationis
1622 1024 1707 1061 viae
1715 1023 1854 1061 Lunae
1863 1022 1919 1061 ad
1929 1022 2080 1071 Eclyp-

992 1077 1134 1113 ticam.
1145 1076 1286 1113 Verus
1295 1082 1441 1113 motus
1451 1076 1712 1114 Latitudinis
1722 1076 1861 1114 Lunae
1870 1074 2081 1114 subtracta
2119 1088 2148 1114 15

993 1128 1354 1176 Prosthaphaerefi
1370 1128 1567 1167 absoluta
1583 1129 1618 1167 4.
1631 1129 1675 1167 P.
1692 1129 1755 1167 40.
1774 1127 1800 1177 l.
1818 1129 1871 1167 14.
1890 1127 1934 1177 ΙΙ.
1950 1140 1978 1167 a
1993 1140 2081 1177 quo

993 1181 1138 1220 rursus
1150 1181 1535 1230 Prosthaphaerefis
1546 1182 1782 1220 Nodorum
1794 1183 1820 1220 1.
1829 1182 1872 1220 P.
1881 1182 1934 1220 12.
1944 1180 1957 1230 Ι
1962 1182 2028 1221 ,57
2037 1180 2079 1231 ΙΙ.

993 1234 1200 1280 aufertur,
1218 1235 1256 1273 &
1272 1241 1470 1274 remanet
1486 1242 1743 1284 coaequatus
1762 1235 1799 1274 8.
1812 1235 1852 1274 S.
1869 1235 1932 1274 25.
1945 1235 1988 1274 P.
2004 1236 2041 1274 4.
2054 1233 2080 1284 Ι.

992 1288 1028 1326 9.
1048 1287 1091 1336 ll.
1114 1288 1220 1332 Iam,
1237 1294 1280 1326 vt
1296 1288 1412 1327 finus
1428 1295 1544 1327 totus
1560 1289 1747 1333 1000000,
1769 1289 1824 1328 ad
1845 1288 1987 1327 finum
2006 1300 2081 1327 an·

992 1342 1082 1390 guli
1106 1342 1405 1380 inclinationis
1432 1343 1469 1381 5.
1490 1342 1533 1380 P.
1556 1343 1609 1381 14.
1632 1341 1658 1391 l.
1680 1342 1743 1381 50.
1766 1340 1810 1390 ΙΙ.
1835 1341 1997 1387 914533,
2022 1344 2081 1381 ita
2116 1354 2149 1380 zo

992 1395 1109 1433 finus
1131 1395 1340 1434 distantiae
1364 1396 1393 1441 ))
1414 1407 1441 1434 a
1461 1396 1594 1434 Nodo
1614 1396 1651 1434 3.
1669 1395 1709 1434 S.
1726 1396 1762 1434 4.
1780 1395 1823 1434 P.
1839 1396 1903 1434 54.
1922 1394 1948 1444 l.
1964 1396 2019 1434 51.
2036 1393 2079 1444 ΙΙ.

993 1448 1077 1486 hoc
1093 1448 1149 1486 est
1164 1449 1361 1493 9963204,
1381 1449 1437 1487 ad
1455 1449 1596 1487 finum
1613 1449 1874 1488 Latitudinis
1892 1450 1922 1494 D
1937 1448 2079 1488 911168.

994 1502 1080 1540 Cui
1101 1502 1329 1550 respondet
1349 1514 1478 1541 arcus
1498 1503 1534 1541 5.
1552 1503 1595 1541 Ρ.
1613 1502 1666 1541 13.
1686 1501 1711 1550 l.
1729 1503 1792 1541 40.
1810 1501 1854 1551 ll.
1872 1502 1972 1541 Bor.
1994 1501 2082 1541 Hic

993 1555 1022 1593 fi
1037 1555 1422 1603 Prosthaphaerefis
1438 1556 1674 1594 Nodorum
1690 1556 1837 1595 omissa
1851 1555 1997 1600 fuisset.
2018 1567 2080 1594 re-

992 1614 1115 1657 perta
1131 1609 1224 1647 esset
1241 1609 1445 1648 Latitudo
1461 1610 1497 1647 4.
1511 1609 1553 1647 P.
1571 1610 1633 1648 57.
1648 1608 1674 1657 l.
1691 1610 1745 1648 51.
1760 1608 1803 1657 sl.
1820 1609 1885 1648 Ita
1899 1615 1946 1647 ut
1961 1608 2080 1647 difl'e-
2116 1619 2148 1646 25

994 1664 1134 1701 rentia
1154 1662 1264 1701 foret
1285 1663 1338 1701 15.
1362 1661 1388 1710 l.
1410 1663 1472 1701 49.
1496 1661 1539 1711 ll.
1563 1663 1596 1701 E
1617 1664 1822 1711 premissis
1843 1664 1991 1710 itaque
2010 1673 2080 1701 ex-

433 1715 587 1763 emplis
603 1721 731 1763 patet,
749 1715 1038 1754 diversitatem
1054 1715 1176 1754 illam
1191 1718 1235 1753 in
1248 1716 1496 1754 Latitudine
1512 1717 1554 1761 ἱ),
1572 1728 1707 1764 quam
1723 1717 1975 1755 asseruimus
1990 1727 2080 1754 non

433 1768 581 1806 saltem
598 1771 711 1807 circa
727 1769 885 1807 limites
901 1771 1133 1812 maximos,
1150 1769 1220 1807 sed
1233 1769 1404 1817 &juxta
1421 1770 1562 1808 nodos
1578 1769 1827 1808 sensibiliter
1842 1769 1990 1808 locum
2005 1768 2080 1808 ha·

432 1822 544 1865 bere,
570 1822 913 1870 Latitudinisque
937 1823 966 1867 D
987 1825 1268 1870 apparentias
1291 1824 1415 1860 aliter
1430 1822 1471 1861 se
1489 1822 1708 1867 exhibere,
1732 1834 1868 1871 quarn
1887 1823 1943 1861 ab
1963 1828 2080 1861 ante·

433 1876 658 1913 cessoribus
675 1875 825 1914 nostris
842 1876 928 1914 huc
945 1875 1079 1923 usque
1094 1875 1450 1914 animadversum
1462 1876 1528 1914 eft.
1542 1877 1667 1915 Vnde
1680 1879 1813 1915 etiam
1824 1874 2081 1925 hypothesin
2116 1886 2148 1913 ³⁰

433 1928 546 1966 hanc
565 1928 766 1972 nostram.
788 1932 915 1977 eique
936 1928 1239 1977 superstructos
1260 1941 1470 1968 numeros
1491 1941 1591 1968 curn
1612 1929 1986 1968 observationibus
2001 1939 2081 1968 eae·

433 1981 603 2020 lestibus
619 1982 718 2020 satis
734 1981 882 2021 exacte
899 1985 1148 2027 convenire,
1165 1983 1313 2030 liquet.

684 2074 775 2117 DE
800 2074 1015 2118 MODO
1039 2074 1550 2119 INVESTIGANDI
1576 2074 1834 2120 NODOS.

519 2141 815 2180 XPLICATA
828 2154 945 2180 nunc
956 2143 1216 2181 Latitudinis
1226 2143 1366 2181 Lunae
1379 2143 1601 2191 implicata
1613 2145 1795 2187 ratione,
1807 2142 1904 2181 ut&
1916 2142 2080 2186 Nodos.

526 2195 599 2232 ubi
608 2195 874 2242 Eclypticam
884 2195 1029 2234 tranfit
1039 2199 1183 2234 omnis
1191 2196 1451 2234 Latitudinis
1462 2208 1628 2245 expers.
1639 2199 1928 2244 inquiramus.
1936 2206 2081 2244 operae
2115 2205 2147 2232 ³5

433 2245 678 2297 prae-sscium
689 2248 755 2286 est.
768 2249 848 2286 Pro
857 2249 989 2287 Nodo
1000 2251 1146 2297 itaque
1158 2250 1312 2292 Boreo.
1324 2252 1393 2287 cui
1404 2250 1598 2297 reliquus
1608 2252 1857 2298 opponitur.
1867 2250 1922 2288 ad
1932 2249 2081 2288 datum
2107 2252 2162 2285 117

433 2307 604 2348 tempus
625 2301 701 2339 [int
723 2304 767 2339 in
788 2309 963 2349 promtu
985 2303 1030 2340 hi
1050 2302 1260 2350 simplices
1277 2310 1433 2341 motus.
1456 2303 1650 2351 Simplex
1670 2305 1714 2348 Θ
1733 2304 1788 2342 ab
1805 2300 2080 2351 aequinoctio.

433 2353 610 2401 simplex
626 2355 654 2398 J)
667 2366 693 2392 a
709 2357 767 2399 Θ,
785 2354 822 2392 &
839 2355 1017 2403 fimplex
1034 2362 1178 2393 motus
1191 2356 1433 2394 latitudinis
1448 2357 1490 2401 D.
1509 2356 1681 2403 Quibus
1693 2357 1956 2399 adiuuentis.
1971 2354 2081 2395 adde

434 2407 668 2454 [implicem
679 2409 722 2452 Θ
736 2408 913 2455 fimplici
931 2409 972 2453 J).
986 2415 1030 2446 ut
1043 2421 1284 2456 componas
1297 2409 1532 2457 simplicem
1546 2410 1829 2459 longitudinis
1844 2411 1873 2455 D
1884 2410 1939 2448 ab
1949 2409 2080 2457 aequi·

434 2458 577 2497 noetio
590 2472 738 2498 verno.
757 2463 796 2498 Α
809 2473 898 2508 quo
911 2469 1139 2509 aggregato
1156 2462 1300 2500 rursus
1317 2462 1441 2500 aufer
1457 2471 1626 2502 motum
1644 2463 1879 2512 simplicem
1895 2461 2080 2501 latitudi·
2115 2470 2147 2498 ω

434 2515 500 2550 nis
523 2514 660 2551 Lunae
683 2514 822 2561 sicque
845 2515 1058 2553 obtinebis
1079 2517 1438 2563 anticipationem
1460 2516 1693 2555 Nodorum
1714 2517 1920 2560 mediam.
1940 2514 2081 2564 qualis

2029 2578 2079 2606 ea
