2243 3225
379 209 456 247 256
752 202 1207 243 ASTRONOMIAE
1228 199 1651 240 INSTAURATAE

379 317 424 351 in
445 313 512 350 100
527 313 681 353 Annis,
702 317 745 348 vt
766 310 935 357 collegit
955 309 1230 351 Ptolemaeus,
1251 318 1390 344 vnum
1409 306 1594 354 gradum
1615 307 1795 349 emetiri,
1817 317 2022 343 nonnun-

379 377 512 413 quam
532 376 635 402 vero
656 364 718 407 66,
740 369 783 400 vt
804 362 943 400 voluit
959 362 1262 408 Albategnius;
1284 366 1326 398 at
1346 361 1491 406 potius
1509 361 1555 396 in
1573 358 1671 406 ipfis
1685 358 1920 396 Artificum
1935 358 2022 397 Ob-

378 417 705 460 seruationibuS‚
722 415 874 463 procul
890 414 1023 452 dubio
1039 413 1205 461 ahquid
1216 413 1341 450 latuit
1352 414 1458 460 vitij,
1475 412 1594 459 quod
1605 411 1704 450 satis
1716 412 1818 450 inde
1829 417 2022 459 apparet,

379 473 482 518 quia
491 470 801 517 Longitudines
814 468 1055 506 earundem
1066 466 1312 509 Stellarum,
1325 476 1435 512 quas
1447 465 1487 502 se
1499 465 1776 513 peculiariter
1787 464 2023 503 obseruasse

377 523 579 567 referunt,
602 534 692 559 non
713 533 765 559 eo
786 521 919 558 modo
940 523 985 558 in
1006 519 1095 567 ipso
1117 519 1247 557 Coelo
1268 519 1322 557 ab
1343 520 1536 556 inuicem
1556 524 1883 563 remoueantur‚
1904 518 2024 556 velut
2060 531 2077 556 5

377 576 567 623 ipsorum
582 575 764 622 postulat
780 575 1020 616 annotatio,
1038 573 1149 611 adeo
1165 578 1209 610 vt
1225 573 1362 609 tertiae
1378 573 1524 618 partis,
1541 576 1672 618 atque
1685 573 1818 610 etiam
1829 571 2024 610 dimidiae

377 631 505 667 vnius
527 628 685 676 gradus
708 630 753 665 in
776 627 843 664 his
866 638 892 664 a
916 625 1090 664 Coelesti
1113 624 1385 672 dispositione
1408 626 1650 671 reperiatur
1672 624 1880 668 deuiatio‚
1906 624 2025 672 quod

377 682 550 720 cuilibet
566 681 729 718 nostras
746 679 1089 727 Longitudinum
1105 678 1465 726 intercapedines,
1488 689 1589 716 curn
1609 677 1788 715 illorum
1803 677 2024 726 consigna-

378 735 568 772 tionibus
584 736 630 771 in
646 733 795 781 ijsdem
811 732 952 771 Stellis
969 731 1221 774 conferenti,
1238 731 1412 778 patebit.

430 788 640 825 Videmus
662 788 805 829 etiam,
827 797 962 832 quam
983 796 1140 832 parum
1162 783 1443 822 emunctioris
1464 783 1700 831 diligentiae
1715 785 1762 821 in
1777 783 1846 822 his
1867 783 2024 832 praesti·
2064 795 2095 822 ιο

377 842 504 878 terint
527 840 759 881 Neoterici‚
783 845 826 876 vt
848 838 918 876 vel
942 849 994 875 ex
1018 838 1354 885 Regiomontani
1379 843 1510 884 atque
1535 836 1665 884 ipsius
1689 836 1900 885 Discipuli
1923 836 2024 875 Ber-

377 893 501 932 nardi
518 892 747 935 waltheri,
764 892 1056 938 Wernerique
1074 889 1464 929 Obseruationibus
1480 890 1710 937 publicatis
1725 889 1824 928 satis
1844 890 1992 938 liquet.
2009 886 2025 940 ΙΙ

430 947 587 993 Neque
608 951 756 983 tamen
778 944 1015 983 existimem
1036 944 1148 982 adeo
1169 944 1322 982 deuias
1340 943 1456 981 fuisse
1471 944 1773 990 Antiquorum
1789 945 1903 982 circa
1918 943 2026 982 Fixa
2048 949 2112 982 256

377 999 527 1037 Sidera
550 998 926 1041 considerationes,
950 1000 1056 1044 quin
1079 1009 1235 1035 reuera
1257 997 1359 1034 inde
1380 996 1523 1044 colligi
1542 997 1673 1043 possit,
1696 996 1937 1044 aliqualem
1956 995 2025 1034 his

375 1052 528 1090 subesse
554 1057 698 1089 motus
723 1051 1082 1098 inaequalitatem,
1113 1052 1320 1098 quamuis
1345 1061 1425 1097 ego
1450 1049 1565 1088 hanc
1592 1055 1772 1088 externa
1796 1049 1948 1097 aliqua
1971 1049 2025 1088 de
2065 1061 2095 1088 is

375 1105 515 1147 causa,
539 1110 670 1151 atque
692 1116 769 1152 per
791 1104 993 1142 accidens
1017 1105 1279 1151 contingere,
1303 1114 1384 1141 nec
1406 1105 1562 1141 merito
1586 1102 1683 1150 ipfis
1705 1103 2024 1151 imputandam,

375 1158 590 1201 censeam;
609 1157 710 1204 Qua
726 1163 875 1195 tamen
891 1158 944 1195 de
961 1169 1006 1195 re
1023 1157 1225 1194 nondum
1236 1156 1480 1195 absolutam
1492 1155 1720 1194 censuram
1731 1158 2025 1204 pronunciare

374 1211 505 1255 lubet,
523 1222 621 1248 eam
633 1213 678 1248 in
690 1210 981 1248 vniuersalem
992 1210 1285 1248 As'tronomiae
1297 1208 1634 1257 pertradtionem
1644 1209 1879 1254 reseruare,
1893 1209 2025 1257 pluri-

374 1264 538 1311 busque
555 1265 698 1301 Annis
713 1275 924 1311 premere,
943 1263 1178 1301 consultius
1195 1263 1371 1301 ducens.

428 1316 625 1364 Superest
647 1319 776 1365 igitur
795 1323 839 1354 vt
859 1316 1088 1355 Tabellam
1109 1317 1325 1354 addamus
1345 1327 1422 1364 per
1443 1318 1700 1354 continuam
1720 1315 1854 1354 huius
1871 1316 2026 1354 Annui
2063 1327 2096 1353 zo

374 1382 400 1408 a
411 1370 538 1408 nobis
548 1370 761 1408 constituti
770 1375 916 1408 motus
926 1369 1240 1413 collectionem,
1253 1375 1470 1417 quantum
1480 1371 1640 1417 quouis
1650 1369 1868 1417 proposito
1877 1369 2025 1414 Anno,

375 1424 627 1462 addendum
636 1423 706 1461 vel
717 1423 985 1461 demendum
997 1423 1043 1461 fit
1054 1423 1418 1471 Longitudinibus
1428 1422 1664 1461 Stellarum
1673 1423 1729 1461 ad
1738 1422 1833 1461 1600
1841 1423 2027 1460 Annum

374 1478 419 1514 in
432 1476 661 1515 Canonica
674 1479 1007 1514 enumeratione
1019 1476 1260 1524 praefinitis.
1278 1475 1500 1514 confestim
1517 1475 1825 1521 ostendentem,
1842 1487 1932 1524 quo
1946 1477 2026 1514 mi·

373 1532 496 1567 nimo
508 1532 690 1577 negocio
703 1530 758 1568 ad
770 1532 974 1577 quemuis
985 1532 1099 1568 intra
1112 1536 1303 1577 quatuor
1314 1532 1516 1577 proxima
1528 1529 1685 1568 Secula
1696 1530 1894 1573 Annum,
1906 1529 1939 1567 F
1941 1531 2026 1567 ixae

374 1583 560 1621 alicuius
576 1594 602 1621 a
618 1583 744 1621 nobis
760 1584 976 1631 assignatae
992 1589 1138 1630 pateat
1150 1583 1410 1631 Longitudo,
1428 1583 1676 1621 Latitudine
1688 1585 1856 1621 interea
1866 1581 1951 1621 sese
1962 1584 2026 1621 in-
2063 1593 2097 1619 2⁵

374 1636 621 1674 senfibiliter
636 1636 864 1674 alterante:
882 1648 982 1674 cum
1000 1636 1219 1683 Eclipticae
1236 1636 1479 1684 obliquatio
1491 1636 1553 1674 illi
1566 1636 1643 1682 (vti
1655 1635 1936 1682 ostendimus)
1950 1647 2026 1674 an·

373 1689 463 1727 sam
475 1689 688 1736 praebens,
703 1690 930 1727 tardissime
942 1695 1145 1727 mutetur.
1163 1689 1406 1737 Statimque
1418 1689 1507 1737 post
1519 1689 1635 1727 hanc
1646 1689 1876 1728 Tabellam
1887 1688 2028 1737 ipsum

374 1742 575 1780 Abacum
592 1742 881 1780 restitutarum
893 1743 1102 1781 Fixarum
1119 1755 1210 1781 non
1226 1743 1400 1781 modico
1418 1743 1588 1781 Labore
1604 1748 1736 1791 atque
1751 1742 1895 1781 sumtu
1911 1753 2027 1781 com-

375 1802 589 1843 paratum.
607 1795 855 1834 offeremus.

427 1849 532 1886 Vtar
542 1855 690 1886 autem
699 1851 744 1887 in
755 1849 1068 1887 enumerandis
1077 1849 1501 1897 denominandisque
1511 1849 1666 1893 Stellis,
1676 1849 1826 1898 ijsdem
1835 1849 2027 1898 appella·
2064 1859 2098 1886 30

375 1902 578 1945 tionibus,
601 1914 700 1949 quae
723 1914 745 1940 e
766 1903 960 1950 partibus
982 1909 1200 1941 certarum
1217 1903 1478 1951 Figuratum
1493 1904 1817 1947 Animantium,
1836 1903 1907 1941 vel
1922 1902 2028 1941 alia-

375 1966 473 1992 rum
495 1966 641 1992 rerum
662 1955 746 1993 illis
768 1956 822 1993 ab
843 1957 1148 2003 Antiquissima
1168 1956 1374 1995 vetustate
1398 1956 1474 1994 suo
1498 1957 1693 2004 quodam
1714 1955 1892 1994 consilio
1912 1957 2028 1994 attri-

375 2008 491 2045 butae
504 2007 610 2046 sunt.
629 2009 745 2046 Licet
757 2011 875 2046 enim
887 2009 995 2047 tales
1007 2011 1220 2057 imagines
1233 2021 1390 2048 reuera
1403 2010 1532 2048 Coelo
1545 2016 1619 2048 aut
1632 2009 1774 2048 Stellis
1786 2021 1877 2048 non
1888 2008 2028 2053 infint,

377 2060 413 2097 &
424 2072 490 2098 res
501 2061 594 2098 haec
607 2061 919 2100 Ethnicismum
931 2064 1153 2110 quendam
1163 2070 1294 2110 atque
1305 2063 1523 2102 fabulosas
1531 2063 1765 2101 Poetarum
1775 2063 2029 2101 traditiones

378 2113 592 2159 (abstrusae
614 2121 761 2152 tamen
783 2116 968 2153 alicuius
991 2115 1175 2154 solertiae
1199 2117 1441 2154 inuolucris
1465 2128 1556 2154 non
1580 2116 1793 2163 carentes)
1817 2116 2028 2159 redoleat:
2065 2125 2099 2152 35

377 2173 523 2204 tamen
545 2168 598 2204 ab
620 2170 683 2215 ijs,
706 2180 805 2215 quae
828 2169 1121 2215 plurimorum
1138 2169 1398 2207 Seculorum
1415 2169 1490 2208 vsu
1507 2170 1713 2208 omnibus
1729 2176 1902 2217 recepta
1919 2168 2028 2213 sunt.

378 2231 467 2256 non
485 2226 644 2257 temere
663 2221 969 2259 discedendum
986 2223 1182 2260 arbitror.
1201 2223 1481 2261 Vetustissima
1498 2223 1709 2271 liquidem
1725 2223 1780 2261 est
1794 2223 2029 2262 Stellarum

378 2275 421 2309 in
440 2279 575 2310 certas
589 2274 767 2321 Figuras
784 2275 1030 2322 designatio,
1048 2282 1090 2313 vt
1102 2276 1171 2313 vel
1189 2287 1240 2313 ex
1259 2276 1414 2319 IOBO,
1433 2279 1507 2324 qui
1524 2288 1582 2315 an
1599 2283 1700 2314 ante
1715 2276 1872 2314 Mosen
1888 2275 2028 2319 fuerit,

379 2325 446 2362 vel
463 2326 550 2372 post
567 2326 749 2364 dubium
767 2327 833 2369 ess.
851 2335 1042 2374 apparet.
1062 2329 1100 2366 Is
1113 2332 1230 2366 enirn
1244 2330 1484 2371 Pleiadum.
1502 2328 1688 2372 Areturi.
1705 2337 1836 2377 atque
1850 2329 2030 2368 Orionis
2066 2330 2086 2361 's

379 2378 476 2415 facit
490 2382 771 2421 mentionem.
786 2381 836 2418 fic
851 2393 1026 2428 quoque
1039 2382 1208 2420 AMOS
1219 2383 1435 2429 Propheta
1446 2384 1498 2421 de
1509 2381 1696 2421 Areturo
1706 2390 1837 2431 atque
1848 2382 2028 2425 Orione,
2066 2391 2099 2418 4ο

379 2431 581 2477 loquitur.
607 2432 725 2470 Idem
743 2436 873 2470 etiarn
891 2434 1156 2472 Vetussissimi
1174 2438 1337 2483 quique
1355 2436 1589 2474 Poetarum
1606 2435 1917 2479 HESIODVS.
1934 2435 2029 2474 OR-

380 2484 579 2525 PHEVS.
599 2486 887 2524 HOMERVS
905 2487 978 2524 &c.
997 2488 1154 2534 eosque
1171 2488 1337 2535 sequuti
1354 2489 1667 2532 EVRIPIDES,
1685 2487 2031 2528 SOPHOCLES

1828 2542 1865 2581 81
1882 2542 2029 2590 plures
