2164 3246
121 597 137 622 5

108 863 139 889 10

87 1143 148 1175 211

107 1728 141 1754 25

111 2529 145 2555 40

468 217 1128 257 PROGYMNASMATUM
1149 219 1354 256 PRIMA
1376 218 1529 256 PARS
1763 218 1830 255 213

197 325 277 364 DE
298 324 713 371 INQUISITIONE
735 324 1177 364 LONGITUDINIS
1197 325 1404 372 ATQUE
1426 324 1811 363 LATITUDINIS

243 386 562 426 STELLULAE
584 386 909 425 CUIUSDAM
931 387 1239 426 DRACONIS
1260 387 1414 426 POLO
1437 386 1764 426 ECLIPTICAE

316 448 555 493 VICINAE,
578 448 722 495 QUAE
743 449 971 486 TERTIAE
993 449 1097 488 EST
1119 450 1590 493 MAGNITUDINIS,
1612 449 1689 487 VT

417 510 572 549 HINC
594 510 776 549 SPICAE
799 517 846 559 m)
869 511 1178 551 LATITUDO
1200 512 1589 559 INQUIRATUR.

251 581 602 621 SSUMENTES
618 583 746 629 igitur
762 584 808 619 in
824 582 942 619 hunc
959 582 1082 620 vsum
1099 589 1289 630 quatuor
1305 583 1540 622 Stellarum
1556 583 1665 627 loca,
1683 582 1830 620 secun-

295 636 402 674 dum
422 635 763 683 Longitudinem
783 642 914 682 atque
937 636 1233 674 Latitudinem
1255 639 1346 675 iam
1369 638 1482 679 data,
1505 643 1547 674 vt
1569 636 1747 674 Lucidae
1771 642 1831 679 V,

176 689 321 728 Calcis
345 691 400 732 I,
422 687 644 726 Inferioris
666 688 834 736 Capitis
859 691 913 731 Π,
935 696 1067 737 atque
1090 690 1253 738 Reguli.
1276 697 1405 738 prout
1425 690 1625 728 videlicet
1646 692 1691 727 in
1712 696 1832 727 ante-

175 742 428 781 cedentibus
444 753 471 780 a
486 741 614 780 nobis
631 742 857 789 diligenter
873 742 1112 781 secundum
1123 744 1303 781 Zodiaei
1317 744 1656 791 Longitudinem
1669 742 1707 780 &
1719 743 1831 780 Lati-

174 796 374 834 tudinem
390 795 588 843 dispofita
603 795 711 839 sunt,
728 795 843 833 vnde
861 795 899 833 8(
915 795 1001 834 huc
1018 799 1218 835 reuocari
1234 798 1412 845 possunt,
1430 797 1622 844 hincque
1639 798 1832 844 primum

176 849 370 888 Stellulae
394 850 488 887 eius
511 848 742 893 Draconis,
767 860 867 896 quae
891 849 997 887 Polo
1022 850 1242 897 Eclipticae
1266 852 1603 898 appropinquat,
1630 848 1832 888 exactum

175 902 362 952 pofitum
382 904 674 950 inquiremus:
697 913 773 949 per
794 902 909 940 hanc
930 903 1206 950 postmodum
1227 905 1407 942 assumta
1427 915 1515 942 vna
1531 903 1601 941 vel
1622 903 1759 941 altera
1780 915 1833 941 ex

175 959 266 996 iam
282 957 650 999 commemoratis,
668 955 809 1003 Spicae
822 956 1011 1004 Virginis
1024 957 1320 995 Latitudinem
1337 958 1412 1004 (vti
1430 957 1637 1003 diximus)
1655 957 1832 1004 indaga-

175 1012 273 1054 turi,
299 1009 431 1113 idqm'e'
455 1009 611 1057 triplici
637 1008 902 1047 inductionis
925 1012 1215 1053 reiteratione,
1240 1017 1283 1049 vt
1306 1022 1374 1049 res
1397 1010 1576 1059 quaefita
1600 1022 1653 1048 eo
1676 1008 1834 1048 rectius

176 1063 398 1102 elucescat.

175 1197 281 1236 PER
301 1196 588 1236 LUCIDAM
607 1202 652 1236 V
672 1196 710 1234 &
727 1196 978 1235 CALCEM
990 1135 1162 1236 Il³EDIS
1183 1201 1215 1241 Π
1229 1229 1237 1241 ,
1259 1198 1496 1236 STELLAE
1513 1197 1833 1240 DRACONIS,

225 1259 370 1307 QUAE
391 1259 546 1298 POLO
567 1258 915 1305 PROPINQUA
938 1259 1053 1301 EST,
1076 1260 1557 1299 LONGITUDINEM
1580 1260 1780 1306 ATQUE

541 1321 968 1360 LATITUDINEM
990 1322 1467 1361 PERSENTISCERE.

222 1393 649 1433 NTELLIGATUR
672 1395 718 1431 in
741 1393 945 1441 assignato
969 1393 1199 1432 Schemate
1223 1394 1254 1431 P
1277 1394 1408 1432 Polus
1433 1394 1664 1441 Eclipticae.
1689 1395 1728 1431 A
1751 1394 1833 1432 Lu-

236 1448 334 1487 cida
346 1454 407 1488 V.
425 1447 459 1485 B
472 1446 585 1485 Calx
601 1447 724 1494 pedis
743 1449 798 1489 Π.
817 1446 854 1484 C
867 1446 1048 1484 Stellula
1065 1448 1243 1485 assumta
1258 1448 1489 1491 Draconis,
1508 1448 1601 1495 (per
1617 1447 1698 1485 has
1715 1449 1833 1485 enim

176 1513 270 1540 rem
292 1512 473 1540 omnem
495 1502 689 1548 primum
712 1501 899 1547 experiri
922 1500 1052 1543 lubet,
1077 1500 1234 1539 deinde
1259 1513 1281 1539 e
1305 1503 1472 1539 caeteris
1495 1501 1612 1538 idem
1636 1512 1833 1548 compro-

175 1555 349 1602 baturi).
371 1555 604 1593 Ducantur
624 1556 772 1601 itaque
793 1554 935 1591 Arcus
957 1566 983 1592 a
1003 1554 1110 1591 Polo

177 1608 398 1657 Eclipticae
428 1608 484 1646 ad
515 1607 652 1655 ipsam
682 1607 950 1654 Eclipticam‚
987 1610 1110 1645 cuius
1493 1589 1532 1638 p

176 1664 425 1711 portionem
454 1660 733 1709 repraesentat
759 1661 896 1703 DEF,
928 1662 1109 1698 coniun-

177 1721 422 1765 ganturque
448 1714 683 1753 Stellarum
708 1714 807 1752 loca
834 1714 889 1752 ad
918 1716 1111 1752 inuicem

177 1781 254 1818 per
290 1770 433 1808 Arcus
473 1768 754 1807 Circulorum
791 1768 1110 1810 Maximorum,

177 1822 543 1870 manifestumque
567 1821 633 1865 est,
660 1821 779 1869 quod
803 1821 878 1859 FC
904 1821 1111 1859 Latitudi-

177 1888 281 1916 nem
301 1876 447 1916 Stellae
468 1875 700 1918 Draconis,
718 1875 756 1913 &
773 1875 976 1923 Angulus
994 1875 1111 1913 BPC

177 1930 470 1969 differentiam
487 1929 792 1976 Longitudinis
814 1931 908 1966 eius
930 1940 956 1966 a
978 1928 1111 1966 Calce

177 1984 299 2032 pedis
318 1986 353 2028 Π
373 1982 636 2027 mensurent‚
659 1994 759 2030 quae
782 1982 870 2020 duo
889 1983 1111 2028 inquirere

177 2037 423 2086 satagimus.
454 2036 702 2084 Longitudo
729 2035 766 2073 &
792 2035 996 2073 Latitudo
1027 2035 1110 2072 Lu-

178 2091 286 2130 cidae
314 2097 374 2136 V,
406 2089 636 2137 Calcifque
662 2089 788 2127 Pedis
815 2088 1112 2127 Geminorum

177 2146 268 2183 iam
282 2146 404 2193 prius
420 2143 630 2182 constant:
649 2142 876 2180 Distantiae
889 2153 994 2179 vero
1007 2141 1111 2180 Stel-

178 2198 335 2243 larum,
369 2209 446 2246 per
478 2196 818 2235 Instrumentum
853 2195 1113 2242 exquifitum

179 2247 674 2299 intercapedines‘etiam
689 2249 934 2297 quadrante
948 2248 1113 2287 Circuli
1163 2254 1174 2269 ¹

178 2307 381 2349 maiores,
391 2305 463 2343 vbi
473 2315 585 2352 opus
594 2303 734 2345 fuerit,
748 2302 990 2340 admodum
1002 2302 1112 2340 scru-

178 2358 327 2406 pulore
353 2357 578 2401 exhibens,
607 2359 652 2394 in
680 2356 799 2394 hunc
826 2356 1010 2394 modurn
1036 2355 1112 2394 ali-

180 2414 350 2459 quoties
366 2409 745 2460 caelitusssinuentae
767 2409 874 2447 sunt.
897 2409 1013 2447 Inter
1029 2409 1112 2446 Lu·
1135 2408 1183 2453 D

180 2465 323 2503 eidam
338 2466 499 2503 Arietis
521 2463 559 2501 8(
580 2463 760 2502 Stellam
782 2463 1001 2500 Draconis
1018 2462 1112 2505 AC,

180 2524 286 2566 part.
308 2519 370 2557 84.
394 2520 499 2556 min.
521 2517 606 2557 203.
630 2518 671 2554 A
696 2516 829 2555 Calce
853 2516 974 2563 pedis
1000 2519 1033 2559 ΙΙ
1058 2516 1114 2553 ad
