2164 3246
409 209 1070 249 PROGYMNASMATUM
1092 209 1298 247 PRIMA
1319 209 1471 248 PARS
1692 208 1770 247 245

115 316 364 356 Latitudine
385 316 565 354 alterius
581 316 727 355 Stellae
748 319 794 354 in
811 316 986 355 Boreali
1007 316 1136 354 oculo
1158 319 1216 361 bl,
1239 327 1375 364 quam
1395 318 1441 354 in
1461 315 1538 354 suo
1555 315 1770 363 Catalogo

114 372 247 409 trium
266 369 442 417 praecise
458 370 576 417 grad.
593 369 746 414 statuit,
763 370 806 408 id
823 369 964 417 ipsum
980 369 1078 407 satis
1094 369 1241 417 liquet.
1265 370 1360 407 Nos
1377 371 1496 407 enim
1513 371 1607 407 eius
1624 368 1770 407 Stellae

115 423 412 462 Latitudinem
428 422 742 461 adinuenimus
758 429 866 471 part.
883 423 919 461 2.
939 421 964 470 l.
982 423 1049 466 37;
1069 423 1257 470 ideoque
1275 435 1410 470 quam
1427 422 1647 470 Eclipticae
1664 422 1770 460 obli-

116 478 266 525 quatio
279 478 389 514 eoin
401 476 498 514 loco
509 479 688 524 requirit
698 476 904 514 nonnihil
914 475 1157 520 arctiorem,
1171 477 1407 514 excedente
1417 476 1573 514 scilicet
1583 478 1772 514 nimium

62 544 78 569 ⁵
115 536 209 569 tum
234 529 501 568 Ptolemaica
524 529 786 574 Latitudine,
813 541 914 568 cum
939 532 1209 568 contrarium
1234 532 1279 567 in
1302 529 1527 568 Aldebora
1552 529 1772 573 acciderit;

116 583 231 631 Quae
256 583 345 621 duo
370 582 497 621 fimul
516 582 623 621 stare
644 589 883 631 nequeunt,
911 583 949 621 &
976 583 1342 622 Obseruationem
1362 583 1677 621 Ptolemaicam
1698 583 1771 621 ad-

115 637 299 676 modum
309 638 522 675 incertam
533 636 731 675 reddunt.
750 636 843 684 Ipsa
856 638 988 675 etiam
1000 636 1198 675 distantia
1209 636 1428 684 vtriusque
1441 636 1586 674 Stellae
1599 638 1644 674 in
1658 636 1772 674 Ocu-

115 690 168 729 lis
197 692 256 735 ᾙ,
282 701 383 738 quae
408 701 485 738 per
510 695 763 728 accuratam
789 690 1154 728 Obseruationem
1180 702 1206 728 a
1231 702 1302 728 me
1327 690 1485 737 saepius
1510 692 1693 727 inuenta
1719 689 1774 727 est

115 748 223 792 part.
236 743 272 782 3.
285 745 390 781 min.
404 743 480 787 103,
496 743 597 781 satis
613 745 844 781 euincente
861 743 1051 781 multum
1062 745 1151 791 vitij
1170 743 1317 787 latere,
1335 745 1381 781 in
1393 743 1660 781 Ptolemaica
1672 754 1772 780 con-

49 810 80 836 ιο
116 797 367 846 lignatione.
386 797 491 835 Eius
508 799 627 834 enim
639 797 954 845 Longitudines
971 802 1102 844 atque
1119 797 1403 841 Latitudines,
1420 796 1450 834 fi
1466 799 1511 834 in
1528 796 1773 834 distantiam

29 858 92 890 245
117 862 194 900 per
204 849 468 899 Triangulos
479 849 767 895 resoluantur,
780 847 795 900 ΙΙ
807 851 1181 898 intercapedinem
1194 850 1400 888 exhibent
1412 850 1454 888 P.
1467 850 1503 888 2.
1518 848 1530 897 l
1536 881 1543 887 .
1557 850 1599 888 19
1610 849 1773 894 saltem,

117 916 144 943 a
160 903 335 943 Coelesti
351 905 611 952 apparentia
626 904 668 942 51
687 902 712 952 l.
731 904 866 951 (quod
889 906 1020 941 nimis
1040 904 1230 942 multum
1251 903 1322 950 est)
1344 903 1632 947 deficientem,
1654 909 1697 941 vt
1718 903 1773 941 ob

117 958 161 997 id
176 958 458 996 necessarium
475 957 636 996 euadat
651 960 800 996 minus
816 962 957 995 ratam
974 958 1050 995 esse
1067 957 1253 995 Latitud.
1271 969 1406 1005 quam
1418 957 1682 995 Ptolemaeus
1697 956 1774 995 suo

119 1022 220 1050 aeuo
240 1010 478 1049 Aldeborae
501 1010 706 1055 attribuit,
731 1010 769 1049 &
793 1022 892 1049 eam
908 1016 951 1049 vt
968 1023 994 1049 a
1011 1011 1109 1048 Bor.
1128 1011 1257 1049 oculo
1278 1010 1377 1058 plus
1400 1012 1621 1048 remoueri
1643 1011 1773 1058 possit,

52 1078 83 1104 15
119 1064 259 1103 multo
275 1064 539 1112 ampliorem
552 1064 839 1103 reddendam:
857 1064 1014 1112 Sicque
1027 1066 1178 1102 omnia
1191 1076 1291 1102 cum
1303 1064 1433 1102 nostri
1445 1063 1675 1111 Temporis
1688 1064 1774 1102 Ob-

119 1117 439 1157 seruationibus
455 1120 578 1156 iuxta
593 1118 858 1166 propositam
875 1116 1176 1156 inductionem
1192 1117 1348 1156 rectius
1365 1117 1657 1165 quadrabunt.

173 1171 295 1218 Quin
311 1171 350 1209 &
365 1171 438 1210 hic
454 1173 569 1210 circa
585 1172 882 1210 Latitudinem
898 1171 1147 1215 Aldeborae,
1170 1183 1271 1219 quae
1293 1171 1435 1209 nostro
1457 1183 1558 1209 aeuo
1575 1171 1631 1209 ad
1646 1173 1774 1209 mini-

119 1236 244 1264 mum
259 1225 454 1273 partibus
466 1225 513 1265 δὲ
525 1225 821 1264 Latitudinem
833 1224 1086 1263 Austrinam
1102 1225 1323 1272 adimplet,
1341 1224 1395 1262 est
1412 1225 1530 1272 quod
1546 1227 1678 1262 mirer
1691 1224 1775 1262 Co-

119 1280 348 1328 pernicum
364 1278 617 1317 Parallaxes
634 1279 774 1317 Lunae
796 1290 822 1317 a
842 1278 883 1316 se
905 1278 1166 1321 constitutas,
1188 1290 1265 1325 per
1286 1278 1401 1316 hanc
1418 1278 1598 1316 Stellam
1619 1277 1775 1316 confir-

50 1345 84 1371 20
119 1333 260 1377 masse,
290 1344 391 1371 cum
417 1332 714 1371 Latitudinem
744 1334 838 1370 eius
869 1331 1100 1370 assumserit
1129 1334 1372 1370 imitatione
1398 1331 1623 1369 Ptolemaei
1651 1334 1776 1369 tertia

118 1391 241 1434 parte
261 1387 391 1424 vnius
413 1386 574 1434 gradus
595 1385 703 1424 iusto
726 1387 959 1430 minorem,
983 1386 1163 1433 quando
1185 1386 1275 1423 Lib.
1297 1386 1333 1423 4.
1357 1385 1465 1432 Cap.
1487 1385 1538 1423 27
1560 1396 1613 1422 ex
1635 1385 1774 1429 Luna,

119 1439 236 1478 hane
256 1438 438 1478 Stellam
458 1439 702 1488 eclipsante,
727 1439 846 1487 quod
867 1439 1085 1477 Bononiae
1105 1439 1146 1476 se
1167 1441 1297 1477 citato
1313 1438 1531 1486 Tempore
1553 1438 1775 1477 obtinuisse

119 1491 412 1541 spectaculum
428 1492 569 1538 refert,
586 1493 629 1531 id
645 1493 786 1541 ipsum
802 1493 988 1541 probare
1005 1492 1186 1530 laborat.
1204 1492 1371 1530 Verum
1388 1492 1494 1530 dum
1511 1492 1650 1530 Lunae
1663 1492 1775 1530 Lati-

119 1545 318 1585 tudinem
333 1547 595 1585 tantundem
610 1546 747 1585 ferme
764 1545 964 1590 coarctat,
987 1557 1122 1593 quam
1138 1547 1338 1593 proxime
1354 1545 1451 1583 haec
1469 1545 1545 1592 (ita
1561 1551 1604 1583 vt
1620 1545 1774 1591 voluit)

50 1613 84 1639 2⁵
121 1611 374 1648 congruere,
383 1600 664 1648 putabantur.
678 1601 835 1638 Inueni
846 1602 964 1638 enim
975 1611 1054 1647 ego
1064 1599 1360 1637 Latitudinem
1370 1599 1509 1637 Lunae
1519 1601 1775 1643 maximam,

121 1658 278 1702 quarta
293 1653 453 1702 gradus
469 1659 591 1702 parte
607 1656 824 1692 maiorem
841 1654 930 1697 esse,
952 1665 1088 1700 quam
1104 1665 1131 1691 a
1147 1653 1386 1691 Ptolemaeo
1403 1652 1647 1696 denotatur.
1669 1657 1713 1690 vt
1730 1654 1776 1690 in

122 1707 267 1756 Opere
279 1707 586 1746 Astronomico
603 1719 657 1745 ex
673 1707 866 1755 indubijs
882 1706 1274 1745 obseruationibus
1290 1705 1423 1744 fidem
1439 1705 1681 1753 aliquando
1699 1705 1776 1752 (fa-

121 1766 252 1800 uente
264 1760 480 1808 Numine)
497 1761 669 1799 faciam.
688 1761 820 1809 Igitur
837 1772 938 1798 cum
953 1766 1136 1807 vtraque
1150 1760 1365 1803 Latitudo,
1382 1765 1472 1798 tam
1485 1759 1624 1797 Lunae
1641 1771 1776 1806 quam

123 1813 268 1853 Stellae
289 1814 477 1863 amplior
498 1814 640 1859 fuerit,
662 1826 798 1862 quam
819 1816 1025 1862 opinatus
1047 1813 1101 1851 est
1123 1813 1409 1861 Copernicus‚
1434 1812 1679 1851 coincidere
1700 1812 1776 1851 ali-

53 1879 87 1906 30
124 1873 342 1916 quatenus
365 1870 518 1916 potuit,
543 1874 588 1906 vt
613 1868 793 1907 Stellam
819 1868 946 1906 Luna
971 1867 1219 1915 praescripto
1247 1866 1381 1904 modo
1412 1865 1652 1904 offuscaret.
1684 1866 1778 1904 Nec

123 1926 271 1960 tamen
287 1921 343 1960 ob
360 1922 403 1960 id
418 1921 622 1970 sequitur,
639 1921 892 1960 Parallaxes
909 1923 1003 1959 eius
1020 1921 1275 1958 omnimode
1287 1919 1403 1958 fuisse
1417 1918 1602 1963 exactas,
1619 1919 1717 1957 licet
1733 1921 1778 1957 in

123 1974 192 2014 his
206 1986 284 2023 per
298 1974 339 2013 se
356 1987 448 2013 non
463 1975 653 2013 multum
664 1975 797 2013 lateat
808 1976 913 2023 vitij,
930 1980 973 2012 vt
986 1974 1095 2012 alias
1108 1973 1395 2012 ostendemus.
1411 1972 1557 2011 Taceo
1570 1973 1688 2020 quod
1701 1973 1778 2010 Re-

123 2026 357 2073 fractioms
374 2040 476 2077 quae
491 2031 635 2067 maior
651 2028 698 2067 fit
714 2029 770 2067 ad
787 2029 973 2071 Lunam,
993 2039 1129 2075 quam
1144 2029 1191 2065 in
1207 2027 1352 2071 Stella,
1374 2026 1545 2064 nullam
1562 2028 1779 2064 rationem

123 2081 196 2120 hic
219 2081 468 2121 adhibuerit
493 2082 781 2131 Copernicus‚
812 2081 977 2120 fortasse
1009 2081 1127 2129 quod
1152 2080 1248 2119 haec
1273 2080 1335 2118 illi
1360 2082 1508 2118 minus
1533 2079 1661 2118 fuerit
1686 2091 1779 2128 per-

54 2147 88 2174 35
123 2134 275 2184 specta.

67 2191 87 2223 ἢ·
176 2189 486 2228 Animaduerti
497 2189 535 2227 &
548 2201 627 2237 ego
644 2189 877 2237 aliquoties
889 2189 1063 2226 Lunam
1079 2187 1404 2235 interpositione
1421 2187 1496 2225 sua
1512 2187 1627 2225 hanc
1643 2186 1780 2234 ipsam

124 2241 304 2282 Stellam
324 2242 542 2291 eclipsare‚
563 2248 713 2281 tamen
733 2242 951 2290 nusquam
972 2242 1117 2285 talem,
1139 2247 1215 2279 aut
1236 2243 1281 2279 in
1303 2240 1436 2279 Stella
1456 2240 1526 2278 vel
1547 2240 1636 2288 ipsa
1652 2240 1780 2278 Luna

124 2294 226 2334 hinc
242 2296 539 2334 Latitudinem
561 2307 714 2334 eruere
735 2296 868 2339 licuit,
891 2295 1194 2334 Parallaxibus
1211 2294 1496 2342 Coperniceis
1516 2293 1599 2332 sese
1617 2294 1779 2341 vbique

124 2349 399 2388 mediocriter
414 2350 526 2388 bene
543 2349 819 2388 habentibus.
837 2349 921 2388 Sed
938 2349 990 2387 de
1008 2348 1076 2386 his
1093 2348 1202 2386 aliaS
1219 2347 1364 2386 fufius.

55 2414 89 2441 4ο
178 2403 355 2442 Addam
365 2414 472 2442 vero
488 2403 634 2441 adhuc
650 2403 761 2441 duas
773 2403 941 2446 Stellas,
959 2414 985 2440 a
996 2402 1226 2440 Veteribus
1238 2401 1486 2449 diligentius
1499 2400 1778 2439 animaduer-

124 2455 203 2501 Γᾶς,
224 2467 325 2504 quae
345 2456 421 2495 fibi
441 2458 634 2495 inuicem
651 2456 772 2504 quafi
788 2462 1086 2504 opponuntur,
1109 2456 1240 2503 idque
1257 2457 1303 2493 in
1319 2455 1425 2493 locis
1443 2454 1627 2493 Solstitia
1648 2459 1778 2500 atque

125 2508 408 2557 AEquinodtia
423 2509 844 2548 intermediantibus.
1658 2559 1688 2596 Ρ
1716 2560 1722 2566 .

1690 2570 1778 2596 nor
