2243 3225
386 218 462 256 272

759 209 1212 251 ASTRONOMIAE
1233 204 1655 246 INSTAURATAE

619 360 915 388 DENOMINATIO
932 359 1169 386 STELLARVM

417 465 457 495 In
475 465 612 495 dextro
628 462 795 493 humero

416 517 513 554 Quae
529 516 567 547 in
584 515 729 546 finistro
746 515 913 546 humero

416 570 513 607 Quae
529 569 567 600 in
583 568 721 608 capitis
737 567 883 599 vertice

416 623 514 660 Quae
530 623 567 653 in
583 621 697 653 dorso
714 621 767 652 est

416 676 576 715 Fulgens
593 675 631 705 in
647 675 785 705 dextro
803 674 925 704 latere

416 728 514 766 Quae
530 728 708 768 proxime
724 726 824 758 infra
842 725 1011 765 requitur

416 781 529 812 Hanc
547 781 708 820 sequens
724 789 848 820 parua

415 834 513 872 Quae
530 834 583 865 est
600 834 649 865 ad
666 833 859 865 flexuram
877 832 1049 863 eiusdem
1065 831 1198 862 lateris

416 887 514 925 Quae
530 887 567 918 in
584 887 716 918 cubito
734 886 878 917 finistro

416 941 540 980 Caput
556 939 740 977 Medusae,
758 939 821 970 seu
837 939 947 979 Algol

416 993 514 1031 Quae
531 993 597 1024 sub
614 993 723 1032 Algol

418 1046 530 1077 Hanc
546 1046 776 1086 praecedens

415 1099 644 1131 Praecedens
661 1099 710 1130 ad
727 1099 891 1130 boream
908 1098 946 1129 in
962 1098 1104 1130 eodem
1120 1097 1249 1137 capite

416 1153 458 1183 In
474 1152 619 1192 poplite
635 1152 773 1184 dextro

416 1205 513 1243 Quae
531 1206 714 1237 dextrum
730 1214 830 1246 genu
846 1204 1036 1245 praecedit

417 1258 622 1290 Flexurarn
640 1267 738 1299 genu
755 1259 987 1298 praecedens

417 1311 547 1343 Media
564 1312 600 1343 in
617 1321 716 1352 genu
733 1312 872 1343 dextro

416 1364 514 1402 Quae
530 1365 631 1396 infra
647 1374 747 1405 genu
763 1365 946 1396 dextrum

416 1417 514 1455 Quae
531 1418 584 1449 est
600 1419 637 1449 in
654 1419 787 1458 planta
803 1418 913 1458 pedis
930 1418 1056 1449 dextri

416 1471 514 1508 Quae
531 1471 568 1502 in
585 1472 730 1503 sinistro
747 1471 899 1504 femore

416 1523 514 1562 Quae
530 1525 568 1555 in
586 1525 729 1556 sinistro
746 1533 845 1565 genu

417 1577 458 1607 In
475 1585 590 1609 crure
607 1578 752 1609 finistro

417 1630 514 1667 Quae
531 1631 569 1661 in
587 1631 730 1663 sinistro
747 1640 847 1672 genu
864 1632 1054 1663 calcaneo

417 1683 590 1723 Sequens
607 1685 738 1716 sinistri
755 1685 864 1725 pedis

418 1736 599 1769 Informis
617 1738 729 1777 supra
746 1741 866 1778 caput

417 1790 515 1827 Quae
532 1790 569 1821 in
587 1791 771 1831 superiori
789 1794 899 1831 parte
917 1790 1078 1822 femoris
1095 1791 1221 1822 dextri

419 1843 612 1881 Informis,
630 1845 860 1884 praecedens
876 1848 995 1884 caput
1012 1844 1185 1876 Medusae

421 2162 461 2192 In
480 2163 623 2194 sinistro
640 2164 808 2195 humero
825 2164 986 2205 fulgens.
1004 2165 1162 2204 Capella

422 2215 568 2246 Lucida
587 2217 622 2247 in
640 2217 777 2248 dextro
795 2217 961 2249 humero

422 2268 461 2298 In
479 2269 616 2300 dextro
635 2270 797 2301 brachio

421 2321 518 2358 Quae
536 2322 571 2352 in
591 2323 733 2354 sinistro
751 2324 884 2355 cubito

422 2374 649 2405 Praecedens
667 2376 804 2407 haedus

421 2427 593 2466 Sequens
611 2429 748 2459 haedus

423 2480 462 2510 ln
482 2481 663 2520 superiori
683 2483 781 2521 pede

706 1986 1090 2018 ERICHTHONIVS.

419 2056 604 2095 Superior
620 2057 648 2088 81
665 2058 896 2097 praecedens
913 2058 1083 2089 duarum
1101 2058 1137 2089 in
1155 2057 1283 2097 capite

421 2108 583 2141 Inferior
599 2111 628 2141 81
647 2111 807 2149 sequens

1437 2054 1471 2521 1=1=โน)=()=()=()=()=()=1)=(

1975 2055 2008 2515 *รท?*9N-*0

1856 2557 2035 2597 COMA
