2164 3246
399 221 1057 265 PROGYMNASMATUM
1079 227 1386 268 SECUNDA
1407 231 1558 271 PARS
1725 234 1801 273 423

156 332 326 371 tuerint.
343 329 465 368 Dum
481 331 601 367 enim
617 330 678 368 illi
695 331 830 378 paulo
846 332 944 379 plus
960 333 1066 371 iusto
1079 335 1286 374 visibilem
1299 339 1392 375 eius
1405 338 1682 377 Diametrum
1694 352 1799 379 aux-

157 387 277 429 erint,
294 383 453 421 necesse
468 382 560 427 fuit,
578 383 617 421 &
632 395 785 422 veram
801 385 1092 431 Diametrum,
1115 389 1313 437 adeoque
1331 398 1465 429 totam
1483 394 1800 440 corpulentiam

156 435 346 486 respectu
360 436 522 481 Terrae,
543 437 750 475 nonnihil
766 438 877 477 vltra
893 440 1084 478 debitam
1105 445 1319 481 rationem
1340 445 1592 484 excrescere.
1615 447 1669 484 Vt
1690 448 1800 485 nihil

156 492 297 530 dicam
312 490 365 529 de
381 490 580 528 distantia
596 492 691 529 eius
707 503 734 529 a
749 491 897 537 Terra,
919 505 1010 531 non
1028 495 1183 533 eodem
1199 497 1331 535 modo
1348 498 1402 535 ab
1421 498 1515 542 illis,
1537 507 1665 546 prout
1686 501 1757 539 hic
1773 513 1799 539 a

104 559 119 584 ⁵
155 545 292 589 nobis,
317 543 636 592 praesuppofita.
668 544 762 582 Imo
787 545 816 583 fi
843 546 1163 593 Coperniceam
1189 549 1300 588 Solis
1326 552 1517 590 mediam
1543 553 1798 597 distantiam.

155 609 255 647 quae
275 597 330 636 est
350 597 436 636 1142
452 597 612 636 Semid.
629 597 790 643 Terrae,
812 599 963 638 vifibili
981 603 1074 639 eius
1091 602 1331 646 Diametro,
1354 617 1488 652 quam
1505 607 1798 654 assumpfimus

153 652 195 691 31
207 651 366 690 Minut.
383 650 739 699 applicuerimus,
757 664 848 690 non
865 654 1022 692 euadet
1034 655 1107 693 Sol
1123 658 1264 694 maior
1275 657 1422 701 Terra,
1440 661 1602 707 integre
1620 660 1687 698 137
1698 663 1797 698 vici-

153 706 246 750 bus,
262 704 332 744 red
347 704 657 743 defiderabitur
673 705 818 744 adhuc
831 714 987 754 quarta
1003 720 1114 755 pars.
1132 710 1286 747 Verior
1303 716 1462 755 tamen,
1480 712 1517 749 &
1533 713 1799 759 probabilior

155 758 210 798 est
223 760 342 807 prior
357 759 384 796 3
398 758 526 797 nobis
542 758 801 806 deprompta
817 762 1103 806 ratiocinatio,
1126 774 1225 809 quae
1243 763 1354 802 Solis
1370 776 1521 803 veram
1539 768 1797 814 magnitudi-

67 818 132 851 474
153 823 267 857 nem,
283 808 299 863 ΙΙ
314 811 548 850 collatione
564 812 619 850 ad
631 811 815 851 Terram
830 812 943 852 faeta
960 815 1123 862 (quoad
1136 818 1229 854 eius
1241 816 1334 854 fieri
1347 818 1494 865 potest)
1511 819 1608 857 satis
1625 820 1798 867 praecise

154 866 336 914 expedit.
357 866 503 914 Atque
524 865 620 904 haec
640 866 692 904 de
709 865 822 910 Sole,
845 879 962 905 nunc
980 868 1118 907 Lunae
1136 881 1312 917 quoque
1330 872 1799 911 commensurationem

153 919 474 968 subiungemus.

206 972 377 1012 LVNAE
391 973 742 1021 magnitudinem
758 973 1012 1019 ostensurus,
1031 987 1130 1022 quae
1148 978 1260 1014 circa
1276 977 1390 1015 hanc
1408 990 1460 1016 ex
1477 978 1712 1027 Eclipfibus
1728 981 1798 1018 de-

153 1028 294 1075 promi
309 1027 487 1075 possunt‚
508 1032 640 1074 atque
657 1038 734 1074 per
749 1027 1000 1066 Parallaxes
1018 1031 1110 1067 eius
1126 1029 1344 1073 subtiliter.
1367 1043 1454 1078 quo
1471 1033 1525 1070 ad
1543 1032 1796 1077 distantiam.

87 1091 118 1118 15
153 1079 440 1129 comprobari,
463 1085 539 1118 aut
560 1082 693 1118 etiam
713 1092 767 1118 ex
788 1081 877 1128 ipsa
898 1081 1141 1130 Hypothefi
1161 1091 1305 1121 motus
1327 1087 1431 1127 eius,
1456 1085 1541 1123 huc
1562 1086 1797 1129 transferri,

153 1133 258 1173 nolo
270 1145 388 1172 nunc
403 1133 611 1172 subtiliter
626 1133 816 1178 scrutari,
834 1146 934 1172 cum
946 1136 988 1173 id
1001 1138 1130 1173 nimis
1143 1136 1323 1184 longum
1335 1137 1459 1176 foret:
1478 1139 1570 1176 Nec
1583 1139 1798 1178 summam

153 1187 225 1226 hic
243 1186 543 1236 praecifionem
565 1186 832 1231 affectemus.
856 1189 1119 1236 perplexiori
1141 1190 1520 1229 Demonstratione
1542 1192 1579 1230 &
1600 1194 1797 1240 pluribus

153 1240 364 1289 requisitis
378 1241 662 1289 indigentem:
680 1241 764 1280 Sed
781 1241 930 1280 saltem
944 1242 998 1286 id,
1017 1243 1134 1290 quod
1146 1244 1288 1281 latiori
1302 1245 1504 1292 indagine
1516 1245 1643 1293 scopo
1655 1249 1796 1293 proxi-

153 1296 267 1333 mius
283 1295 360 1333 esse
376 1300 520 1342 queat.
537 1294 589 1333 Et
605 1306 660 1333 ne
676 1295 825 1333 multis
841 1294 912 1333 hic
929 1298 1228 1341 immoremur,
1246 1309 1345 1334 curn
1362 1309 1414 1335 ex
1431 1299 1796 1342 antecedentibus,

85 1359 119 1385 20
154 1359 254 1396 quae
274 1350 388 1387 circa
407 1348 556 1387 Solem
577 1351 1040 1393 commemorauimus‚
1065 1349 1457 1389 Demonstrationis
1480 1358 1609 1399 atque
1632 1353 1796 1400 Opera-

152 1403 282 1441 tionis
298 1404 408 1441 ratio
423 1401 523 1440 satis
539 1402 731 1440 indicata
746 1402 804 1446 fit,
821 1402 1028 1441 breuibus
1045 1403 1128 1440 hoc
1144 1406 1367 1451 negotium
1383 1404 1672 1443 absoluemus.

205 1455 589 1504 Praesupponendo
610 1456 796 1500 Lunam,
819 1467 918 1494 cum
940 1456 995 1494 est
1016 1468 1042 1494 a
1063 1456 1188 1494 nobis
1209 1464 1376 1495 remota
1397 1458 1447 1496 60
1467 1460 1631 1496 circiter
1649 1459 1796 1497 Terrae

152 1507 492 1554 semidiametris‚
513 1509 724 1548 vifibilem
744 1509 807 1547 sui
828 1512 1021 1557 corporis
1040 1509 1318 1548 Diametrum
1339 1511 1543 1549 exhibere
1564 1512 1614 1550 33
1636 1512 1794 1550 Minut.

154 1562 288 1611 (quod
301 1562 609 1602 Obseruationi
626 1565 823 1611 congruit
832 1563 858 1609 :)
875 1563 1111 1601 continebit
1123 1563 1348 1602 Diameter
1359 1564 1506 1602 Terrae
1518 1565 1796 1603 Diametrum

84 1626 118 1653 2⁵
153 1615 292 1655 Lunae
300 1622 364 1655 ter
373 1615 411 1655 δι
420 1618 473 1657 ᾖ.
487 1617 551 1656 Ita
560 1622 604 1655 vt
615 1616 661 1655 fit
672 1619 897 1665 proportio
908 1617 1094 1655 Lunaris
1105 1617 1320 1655 Diametri
1333 1618 1387 1655 ad
1400 1618 1648 1661 terrestrem.
1661 1618 1796 1657 ferme

153 1669 294 1717 qualis
309 1670 334 1708 2
349 1670 405 1709 ad
421 1671 458 1715 7,
473 1670 517 1709 id
534 1670 589 1708 est
604 1670 972 1718 semiquadrupla‚
990 1676 1065 1708 aut
1081 1670 1109 1708 fi
1127 1669 1318 1709 exactius
1335 1671 1428 1709 haec
1446 1674 1490 1709 in
1506 1671 1654 1709 vfitata
1670 1672 1795 1709 milli-

153 1724 295 1762 arium
318 1723 524 1762 mensura
547 1726 698 1762 rimari
723 1724 908 1768 libuerit,
935 1723 1231 1761 constituendo
1257 1724 1534 1762 Diametrum
1559 1725 1796 1763 terrestrem

153 1778 373 1816 continere
389 1777 597 1816 milliaria
613 1777 721 1821 1720,
738 1778 946 1816 obtinebit
963 1777 1189 1815 Diameter
1206 1778 1391 1815 Lunaris
1408 1789 1461 1815 ex
1477 1780 1502 1826 ij
1510 1777 1624 1816 [dem
1641 1778 1729 1816 495.
1752 1778 1795 1817 Si

152 1831 298 1879 itaque
309 1830 406 1870 haec
417 1831 761 1875 Diametrorum,
780 1831 927 1879 quoad
943 1832 1134 1868 inuicem
1150 1833 1195 1868 in
1212 1833 1406 1868 numeris
1423 1833 1544 1874 ratio,
1563 1832 1710 1869 cubice
1725 1843 1795 1869 ex-

83 1893 118 1920 ³0
153 1885 348 1932 cipiatur,
372 1890 504 1933 atque
530 1885 591 1932 (vt
615 1891 746 1923 antea
772 1883 932 1923 dic'tum
959 1884 1030 1930 est)
1057 1883 1341 1927 distribuatur,
1368 1884 1583 1926 constabit.
1610 1884 1796 1923 Lunaris

153 1939 345 1986 corporis
362 1937 572 1983 Globum,
593 1938 796 1976 Terrestri
814 1938 1097 1985 corpulentia,
1119 1938 1378 1985 quadragies
1393 1938 1457 1975 bis
1474 1937 1561 1975 fere
1578 1939 1795 1976 minorem

153 1990 241 2029 esse.
269 1991 402 2039 Quod
425 1992 481 2030 ad
507 1992 841 2040 Coperniceam,
868 1994 981 2029 circa
1006 1991 1101 2028 haec
1127 1991 1293 2032 eadem,
1320 1993 1634 2033 inuentionem.
1661 2002 1794 2038 quam

152 2046 350 2092 proxime
365 2045 546 2084 accedit:
563 2057 643 2084 nec
660 2057 684 2084 3
702 2045 968 2083 Ptolemaica
984 2055 1249 2092 magnopere
1266 2044 1511 2092 digreditur.

205 2097 318 2137 Haec
333 2099 386 2137 de
402 2099 711 2138 Luminarium
728 2098 879 2136 visibili
896 2104 1026 2145 atque
1043 2109 1146 2135 vera
1163 2097 1403 2139 Diametro.
1424 2097 1794 2144 corpulentiaque,

84 2161 118 2187 ³⁵
153 2150 342 2200 respectu
357 2151 518 2197 Terrae,
539 2152 586 2191 fit
605 2152 689 2191 hoc
710 2152 807 2190 loco
827 2152 1033 2190 breuibus
1055 2151 1270 2188 ostendisse
1287 2151 1399 2188 satis:
1422 2163 1474 2188 ex
1491 2151 1648 2197 quibus
1665 2153 1794 2188 etiam

152 2205 406 2254 intelligenti
416 2206 643 2254 perspicua
655 2206 814 2248 euadit,
827 2205 987 2243 horum
1001 2215 1176 2251 quoque
1186 2205 1376 2242 duorum
1387 2204 1546 2241 Mundi
1558 2204 1794 2241 Luminum

153 2259 299 2306 quoad
313 2261 507 2298 inuicem
523 2262 808 2307 comparatio,
826 2270 926 2306 quae
943 2258 1039 2296 talis
1057 2260 1146 2299 erit,
1164 2263 1207 2295 vt
1219 2257 1445 2295 Diameter
1457 2257 1568 2295 Solis
1580 2269 1695 2298 vera,
1713 2257 1794 2294 Lu·

152 2322 306 2351 narem
329 2312 472 2352 decies
498 2312 630 2352 octies
656 2312 804 2351 exacte
830 2314 1061 2352 contineat.
1087 2311 1220 2358 fitque
1244 2311 1298 2349 ob
1323 2312 1364 2348 id
1390 2310 1613 2358 globosum
1639 2322 1795 2357 corpus

153 2363 264 2404 Solis
278 2368 423 2405 maius
438 2367 605 2406 Lunari
621 2366 741 2406 5848:
764 2367 826 2404 Ita
847 2373 889 2403 vt
911 2377 1001 2403 non
1022 2364 1151 2412 plane
1173 2364 1410 2402 secundum
1432 2364 1545 2402 hanc
1567 2366 1794 2402 ratiocina-

84 2427 118 2453 40
152 2420 329 2464 tionem,
352 2419 427 2459 Sol
448 2420 585 2458 sexies
607 2420 766 2458 millies
788 2420 961 2457 Lunam
985 2418 1175 2459 excedat,
1200 2429 1299 2455 cum
1323 2424 1469 2455 tamen
1494 2417 1729 2454 Ptolemaeo
1753 2417 1794 2453 id

152 2477 376 2520 putaretur
384 2473 529 2512 adhuc
538 2474 661 2518 vltra,
672 2473 770 2521 plus
780 2484 915 2521 quam
925 2473 1197 2519 quingenties
1208 2472 1296 2509 esse.
1308 2471 1357 2508 Et
1368 2470 1639 2518 Copernicus
1650 2470 1794 2508 Solem

97 2530 117 2562 -1-
153 2524 279 2565 Luna
292 2528 508 2566 maiorem
524 2527 660 2566 ferme
676 2527 781 2565 7000
797 2526 1025 2564 aestimarit.
1748 2575 1792 2611 Id
