<?xml version="1.0" encoding="UTF-8"?>
<!DOCTYPE html PUBLIC "-//W3C//DTD XHTML 1.0 Transitional//EN"
    "http://www.w3.org/TR/xhtml1/DTD/xhtml1-transitional.dtd">
<html xmlns="http://www.w3.org/1999/xhtml" xml:lang="en" lang="en">
 <head>
  <title>
</title>
<meta http-equiv="Content-Type" content="text/html;charset=utf-8" />
  <meta name='ocr-system' content='tesseract 3.04.00' />
  <meta name='ocr-capabilities' content='ocr_page ocr_carea ocr_par ocr_line ocrx_word'/>
</head>
<body>
  <div class='ocr_page' id='page_1' title='image "./operaomniaedidit02brahuoft/operaomniaedidit02brahuoft_0203.png"; bbox 0 0 2164 3246; ppageno 0'>
   <div class='ocr_carea' id='block_1_1' title="bbox 49 523 65 548">
    <p class='ocr_par' dir='ltr' id='par_1_1' title="bbox 49 523 65 548">
     <span class='ocr_line' id='line_1_1' title="bbox 49 523 65 548; baseline 0 0"><span class='ocrx_word' id='word_1_1' title='bbox 49 523 65 548; x_wconf 87' lang='lat'>5</span> 
     </span>
    </p>
   </div>
   <div class='ocr_carea' id='block_1_2' title="bbox 414 187 1775 229">
    <p class='ocr_par' dir='ltr' id='par_1_2' title="bbox 414 187 1775 229">
     <span class='ocr_line' id='line_1_2' title="bbox 414 187 1775 229; baseline 0.003 -4"><span class='ocrx_word' id='word_1_2' title='bbox 414 187 1074 227; x_wconf 91' lang='lat' dir='ltr'>PROGYMNASMATUM</span> <span class='ocrx_word' id='word_1_3' title='bbox 1097 189 1301 228; x_wconf 86' lang='lat' dir='ltr'><strong>PRIMA</strong></span> <span class='ocrx_word' id='word_1_4' title='bbox 1323 190 1474 229; x_wconf 87' lang='lat' dir='ltr'>PARS</span> <span class='ocrx_word' id='word_1_5' title='bbox 1707 191 1775 229; x_wconf 90' lang='lat'>187</span> 
     </span>
    </p>
   </div>
   <div class='ocr_carea' id='block_1_3' title="bbox 118 293 1774 611">
    <p class='ocr_par' dir='ltr' id='par_1_3' title="bbox 118 293 1774 611">
     <span class='ocr_line' id='line_1_3' title="bbox 120 293 1774 345; baseline 0.001 -11"><span class='ocrx_word' id='word_1_6' title='bbox 120 295 299 344; x_wconf 88' lang='lat' dir='ltr'>quando</span> <span class='ocrx_word' id='word_1_7' title='bbox 323 294 413 333; x_wconf 92' lang='lat' dir='ltr'>Cor</span> <span class='ocrx_word' id='word_1_8' title='bbox 438 296 477 340; x_wconf 59' lang='lat' dir='ltr'>&lt;Q</span> <span class='ocrx_word' id='word_1_9' title='bbox 504 294 558 332; x_wconf 92' lang='lat' dir='ltr'>ab</span> <span class='ocrx_word' id='word_1_10' title='bbox 583 305 636 332; x_wconf 88' lang='lat' dir='ltr'>ea</span> <span class='ocrx_word' id='word_1_11' title='bbox 659 293 971 333; x_wconf 89' lang='lat' dir='ltr'>obseruabatur</span> <span class='ocrx_word' id='word_1_12' title='bbox 994 295 1036 333; x_wconf 92' lang='lat' dir='ltr'>P.</span> <span class='ocrx_word' id='word_1_13' title='bbox 1059 296 1139 334; x_wconf 88' lang='grc'><strong>185.</strong></span> <span class='ocrx_word' id='word_1_14' title='bbox 1163 295 1188 344; x_wconf 82' lang='lat' dir='ltr'>l.</span> <span class='ocrx_word' id='word_1_15' title='bbox 1210 297 1272 335; x_wconf 88' lang='grc'>25.</span> <span class='ocrx_word' id='word_1_16' title='bbox 1296 295 1339 344; x_wconf 84' lang='lat' dir='ltr'>ll.</span> <span class='ocrx_word' id='word_1_17' title='bbox 1361 297 1424 341; x_wconf 87' lang='grc'>25,</span> <span class='ocrx_word' id='word_1_18' title='bbox 1449 309 1475 336; x_wconf 89' lang='lat' dir='ltr'>a</span> <span class='ocrx_word' id='word_1_19' title='bbox 1499 309 1587 345; x_wconf 92' lang='lat' dir='ltr'>qua</span> <span class='ocrx_word' id='word_1_20' title='bbox 1607 297 1774 336; x_wconf 93' lang='lat' dir='ltr'>sublato</span> 
     </span>
     <span class='ocr_line' id='line_1_4' title="bbox 118 347 1773 399; baseline 0.001 -11"><span class='ocrx_word' id='word_1_21' title='bbox 118 348 296 397; x_wconf 75' lang='lat' dir='ltr'>Angulo</span> <span class='ocrx_word' id='word_1_22' title='bbox 318 347 576 387; x_wconf 65' lang='lat' dir='ltr'>differentiae</span> <span class='ocrx_word' id='word_1_23' title='bbox 592 347 686 385; x_wconf 92' lang='lat' dir='ltr'>Asc.</span> <span class='ocrx_word' id='word_1_24' title='bbox 704 349 816 385; x_wconf 92' lang='lat' dir='ltr'>inter</span> <span class='ocrx_word' id='word_1_25' title='bbox 840 351 866 391; x_wconf 70' lang='lat' dir='ltr'>Q</span> <span class='ocrx_word' id='word_1_26' title='bbox 891 348 929 385; x_wconf 98' lang='grc'>8(</span> <span class='ocrx_word' id='word_1_27' title='bbox 951 348 1041 387; x_wconf 91' lang='lat' dir='ltr'>Cor</span> <span class='ocrx_word' id='word_1_28' title='bbox 1062 351 1120 393; x_wconf 68' lang='grc' dir='ltr'>Ω,</span> <span class='ocrx_word' id='word_1_29' title='bbox 1143 357 1339 388; x_wconf 86' lang='lat' dir='ltr'><strong>remanet</strong></span> <span class='ocrx_word' id='word_1_30' title='bbox 1361 351 1530 389; x_wconf 90' lang='lat' dir='ltr'>Ascens.</span> <span class='ocrx_word' id='word_1_31' title='bbox 1554 351 1598 389; x_wconf 88' lang='lat' dir='ltr'>R.</span> <span class='ocrx_word' id='word_1_32' title='bbox 1622 352 1773 399; x_wconf 88' lang='lat' dir='ltr'>Reguli</span> 
     </span>
     <span class='ocr_line' id='line_1_5' title="bbox 119 399 1774 449; baseline 0.001 -8"><span class='ocrx_word' id='word_1_33' title='bbox 119 403 162 441; x_wconf 87' lang='lat' dir='ltr'>P.</span> <span class='ocrx_word' id='word_1_34' title='bbox 179 403 259 440; x_wconf 92' lang='lat'>146.</span> <span class='ocrx_word' id='word_1_35' title='bbox 282 400 307 449; x_wconf 87' lang='lat' dir='ltr'>l.</span> <span class='ocrx_word' id='word_1_36' title='bbox 324 401 387 440; x_wconf 92' lang='lat'>28.</span> <span class='ocrx_word' id='word_1_37' title='bbox 407 399 450 449; x_wconf 80' lang='lat' dir='ltr'>ll.</span> <span class='ocrx_word' id='word_1_38' title='bbox 467 401 530 439; x_wconf 91' lang='lat'>55.</span> <span class='ocrx_word' id='word_1_39' title='bbox 551 401 610 438; x_wconf 92' lang='lat' dir='ltr'>At</span> <span class='ocrx_word' id='word_1_40' title='bbox 631 400 877 439; x_wconf 85' lang='lat' dir='ltr'>differentia</span> <span class='ocrx_word' id='word_1_41' title='bbox 897 401 1171 440; x_wconf 87' lang='lat' dir='ltr'>Ascenfionis</span> <span class='ocrx_word' id='word_1_42' title='bbox 1193 403 1238 441; x_wconf 90' lang='lat' dir='ltr'>R.</span> <span class='ocrx_word' id='word_1_43' title='bbox 1261 406 1367 447; x_wconf 82' lang='lat' dir='ltr'>eius,</span> <span class='ocrx_word' id='word_1_44' title='bbox 1389 404 1426 442; x_wconf 91' lang='grc'>8(</span> <span class='ocrx_word' id='word_1_45' title='bbox 1449 405 1626 443; x_wconf 87' lang='lat' dir='ltr'>Lucidae</span> <span class='ocrx_word' id='word_1_46' title='bbox 1650 411 1695 444; x_wconf 99' lang='lat' dir='ltr'>V</span> <span class='ocrx_word' id='word_1_47' title='bbox 1719 405 1774 442; x_wconf 92' lang='lat' dir='ltr'>est</span> 
     </span>
     <span class='ocr_line' id='line_1_6' title="bbox 118 452 1774 505; baseline 0.002 -11"><span class='ocrx_word' id='word_1_48' title='bbox 118 458 238 505; x_wconf 91' lang='lat' dir='ltr'>prius</span> <span class='ocrx_word' id='word_1_49' title='bbox 259 455 487 503; x_wconf 86' lang='lat' dir='ltr'>explorata</span> <span class='ocrx_word' id='word_1_50' title='bbox 507 454 549 492; x_wconf 93' lang='lat' dir='ltr'>P.</span> <span class='ocrx_word' id='word_1_51' title='bbox 571 454 652 492; x_wconf 90' lang='lat'>120.</span> <span class='ocrx_word' id='word_1_52' title='bbox 675 452 701 502; x_wconf 85' lang='lat' dir='ltr'>l.</span> <span class='ocrx_word' id='word_1_53' title='bbox 724 454 786 492; x_wconf 93' lang='lat'>32.</span> <span class='ocrx_word' id='word_1_54' title='bbox 814 453 857 502; x_wconf 84' lang='lat' dir='ltr'>ll.</span> <span class='ocrx_word' id='word_1_55' title='bbox 879 455 941 492; x_wconf 91' lang='lat'>20.</span> <span class='ocrx_word' id='word_1_56' title='bbox 964 455 1204 494; x_wconf 88' lang='lat' dir='ltr'>Auferatur</span> <span class='ocrx_word' id='word_1_57' title='bbox 1226 459 1373 504; x_wconf 89' lang='lat' dir='ltr'>itaque</span> <span class='ocrx_word' id='word_1_58' title='bbox 1397 457 1493 496; x_wconf 82' lang='lat' dir='ltr'>haec</span> <span class='ocrx_word' id='word_1_59' title='bbox 1514 459 1568 496; x_wconf 91' lang='lat' dir='ltr'>ab</span> <span class='ocrx_word' id='word_1_60' title='bbox 1592 461 1774 496; x_wconf 86' lang='lat' dir='ltr'>inuenta</span> 
     </span>
     <span class='ocr_line' id='line_1_7' title="bbox 118 507 1772 559; baseline 0.002 -12"><span class='ocrx_word' id='word_1_61' title='bbox 118 509 212 548; x_wconf 91' lang='lat' dir='ltr'>Asc.</span> <span class='ocrx_word' id='word_1_62' title='bbox 230 509 276 546; x_wconf 92' lang='lat' dir='ltr'>R.</span> <span class='ocrx_word' id='word_1_63' title='bbox 294 508 452 547; x_wconf 90' lang='lat' dir='ltr'>Cordis</span> <span class='ocrx_word' id='word_1_64' title='bbox 473 509 531 553; x_wconf 74' lang='lat' dir='ltr'>cQ,</span> <span class='ocrx_word' id='word_1_65' title='bbox 553 507 591 545; x_wconf 89' lang='lat'>&amp;</span> <span class='ocrx_word' id='word_1_66' title='bbox 612 507 783 555; x_wconf 88' lang='lat' dir='ltr'>reliqua</span> <span class='ocrx_word' id='word_1_67' title='bbox 801 510 880 546; x_wconf 89' lang='lat' dir='ltr'>erit</span> <span class='ocrx_word' id='word_1_68' title='bbox 896 508 1099 547; x_wconf 90' lang='lat' dir='ltr'>Ascenfio</span> <span class='ocrx_word' id='word_1_69' title='bbox 1117 508 1247 548; x_wconf 68' lang='lat' dir='ltr'>Recta</span> <span class='ocrx_word' id='word_1_70' title='bbox 1264 511 1441 548; x_wconf 86' lang='lat' dir='ltr'>Lucidae</span> <span class='ocrx_word' id='word_1_71' title='bbox 1461 517 1506 550; x_wconf 94' lang='lat' dir='ltr'>V</span> <span class='ocrx_word' id='word_1_72' title='bbox 1525 512 1567 549; x_wconf 90' lang='lat' dir='ltr'>P.</span> <span class='ocrx_word' id='word_1_73' title='bbox 1585 512 1647 550; x_wconf 91' lang='lat'>25.</span> <span class='ocrx_word' id='word_1_74' title='bbox 1667 510 1692 559; x_wconf 84' lang='lat' dir='ltr'>l.</span> <span class='ocrx_word' id='word_1_75' title='bbox 1710 512 1772 550; x_wconf 89' lang='lat'>56.</span> 
     </span>
     <span class='ocr_line' id='line_1_8' title="bbox 120 561 1773 611; baseline 0.002 -10"><span class='ocrx_word' id='word_1_76' title='bbox 120 561 163 611; x_wconf 80' lang='lat' dir='ltr'>ll.</span> <span class='ocrx_word' id='word_1_77' title='bbox 180 562 243 607; x_wconf 88' lang='lat'>35,</span> <span class='ocrx_word' id='word_1_78' title='bbox 267 563 402 600; x_wconf 91' lang='lat' dir='ltr'>Anno</span> <span class='ocrx_word' id='word_1_79' title='bbox 424 561 462 599; x_wconf 88' lang='lat'>&amp;</span> <span class='ocrx_word' id='word_1_80' title='bbox 483 561 636 599; x_wconf 90' lang='lat' dir='ltr'>Mense</span> <span class='ocrx_word' id='word_1_81' title='bbox 659 561 990 609; x_wconf 87' lang='lat' dir='ltr'>praesuppofitis.</span> <span class='ocrx_word' id='word_1_82' title='bbox 1019 563 1131 600; x_wconf 84' lang='lat' dir='ltr'>Haec</span> <span class='ocrx_word' id='word_1_83' title='bbox 1155 566 1368 610; x_wconf 88' lang='lat' dir='ltr'>quoniam</span> <span class='ocrx_word' id='word_1_84' title='bbox 1392 565 1447 602; x_wconf 89' lang='lat' dir='ltr'>ad</span> <span class='ocrx_word' id='word_1_85' title='bbox 1471 566 1655 603; x_wconf 92' lang='lat' dir='ltr'>Annum</span> <span class='ocrx_word' id='word_1_86' title='bbox 1679 566 1773 604; x_wconf 89' lang='lat'>1585</span> 
     </span>
    </p>
   </div>
   <div class='ocr_carea' id='block_1_4' title="bbox 40 611 1772 665">
    <p class='ocr_par' dir='ltr' id='par_1_4' title="bbox 40 611 1772 665">
     <span class='ocr_line' id='line_1_9' title="bbox 40 611 1772 665; baseline 0.001 -10"><span class='ocrx_word' id='word_1_87' title='bbox 40 623 98 656; x_wconf 84' lang='lat'>183</span> <span class='ocrx_word' id='word_1_88' title='bbox 119 615 386 664; x_wconf 91' lang='lat' dir='ltr'>completum</span> <span class='ocrx_word' id='word_1_89' title='bbox 402 615 457 653; x_wconf 85' lang='lat' dir='ltr'>est</span> <span class='ocrx_word' id='word_1_90' title='bbox 473 615 743 659; x_wconf 87' lang='lat' dir='ltr'>deducenda,</span> <span class='ocrx_word' id='word_1_91' title='bbox 760 626 839 662; x_wconf 92' lang='lat' dir='ltr'>pro</span> <span class='ocrx_word' id='word_1_92' title='bbox 857 611 871 665; x_wconf 90' lang='grc' dir='ltr'>ΙΙ</span> <span class='ocrx_word' id='word_1_93' title='bbox 887 615 1031 663; x_wconf 91' lang='lat' dir='ltr'>spacio</span> <span class='ocrx_word' id='word_1_94' title='bbox 1044 617 1281 654; x_wconf 89' lang='lat' dir='ltr'>Annorum</span> <span class='ocrx_word' id='word_1_95' title='bbox 1293 617 1329 654; x_wconf 95' lang='lat'>2.</span> <span class='ocrx_word' id='word_1_96' title='bbox 1348 617 1486 655; x_wconf 91' lang='lat' dir='ltr'>Mens.</span> <span class='ocrx_word' id='word_1_97' title='bbox 1500 618 1553 661; x_wconf 87' lang='lat'>10,</span> <span class='ocrx_word' id='word_1_98' title='bbox 1571 618 1772 657; x_wconf 84' lang='lat' dir='ltr'>subtrahe</span> 
     </span>
    </p>
   </div>
   <div class='ocr_carea' id='block_1_5' title="bbox 52 789 82 814">
    <p class='ocr_par' dir='ltr' id='par_1_5' title="bbox 52 789 82 814">
     <span class='ocr_line' id='line_1_10' title="bbox 52 789 82 814; baseline 0 0"><span class='ocrx_word' id='word_1_99' title='bbox 52 789 82 814; x_wconf 94' lang='grc' dir='ltr'><strong>Ιο</strong></span> 
     </span>
    </p>
   </div>
   <div class='ocr_carea' id='block_1_6' title="bbox 52 1065 82 1090">
    <p class='ocr_par' dir='ltr' id='par_1_6' title="bbox 52 1065 82 1090">
     <span class='ocr_line' id='line_1_11' title="bbox 52 1065 82 1090; baseline 0 0"><span class='ocrx_word' id='word_1_100' title='bbox 52 1065 82 1090; x_wconf 88' lang='grc'>15</span> 
     </span>
    </p>
   </div>
   <div class='ocr_carea' id='block_1_7' title="bbox 47 2176 79 2203">
    <p class='ocr_par' dir='ltr' id='par_1_7' title="bbox 47 2176 79 2203">
     <span class='ocr_line' id='line_1_12' title="bbox 47 2176 79 2203; baseline 0.031 -1"><span class='ocrx_word' id='word_1_101' title='bbox 47 2176 79 2203; x_wconf 86' lang='grc'>35</span> 
     </span>
    </p>
   </div>
   <div class='ocr_carea' id='block_1_8' title="bbox 117 667 1773 1029">
    <p class='ocr_par' dir='ltr' id='par_1_8' title="bbox 117 667 1773 1029">
     <span class='ocr_line' id='line_1_13' title="bbox 119 667 1771 719; baseline 0.001 -11"><span class='ocrx_word' id='word_1_102' title='bbox 119 668 193 718; x_wconf 85' lang='grc' dir='ltr'><strong>Ι.2.</strong></span> <span class='ocrx_word' id='word_1_103' title='bbox 207 667 250 718; x_wconf 82' lang='lat' dir='ltr'>ll.</span> <span class='ocrx_word' id='word_1_104' title='bbox 263 669 326 713; x_wconf 86' lang='lat'>22,</span> <span class='ocrx_word' id='word_1_105' title='bbox 345 668 383 707; x_wconf 88' lang='lat'>&amp;</span> <span class='ocrx_word' id='word_1_106' title='bbox 402 668 657 716; x_wconf 83' lang='lat' dir='ltr'>producitur</span> <span class='ocrx_word' id='word_1_107' title='bbox 674 679 726 705; x_wconf 93' lang='lat' dir='ltr'>eo</span> <span class='ocrx_word' id='word_1_108' title='bbox 743 668 961 716; x_wconf 85' lang='lat' dir='ltr'>Tempore</span> <span class='ocrx_word' id='word_1_109' title='bbox 979 669 1157 708; x_wconf 86' lang='lat' dir='ltr'>Lucidae</span> <span class='ocrx_word' id='word_1_110' title='bbox 1177 676 1222 710; x_wconf 93' lang='lat' dir='ltr'>V</span> <span class='ocrx_word' id='word_1_111' title='bbox 1241 670 1334 708; x_wconf 91' lang='lat' dir='ltr'>Asc.</span> <span class='ocrx_word' id='word_1_112' title='bbox 1351 671 1395 708; x_wconf 90' lang='lat' dir='ltr'>R.</span> <span class='ocrx_word' id='word_1_113' title='bbox 1413 671 1455 708; x_wconf 92' lang='grc' dir='ltr'>Ρ.</span> <span class='ocrx_word' id='word_1_114' title='bbox 1469 671 1531 709; x_wconf 95' lang='lat'>25.</span> <span class='ocrx_word' id='word_1_115' title='bbox 1547 670 1572 719; x_wconf 80' lang='lat' dir='ltr'>l.</span> <span class='ocrx_word' id='word_1_116' title='bbox 1585 673 1647 709; x_wconf 89' lang='lat'>54.</span> <span class='ocrx_word' id='word_1_117' title='bbox 1663 671 1705 719; x_wconf 83' lang='lat' dir='ltr'>ll.</span> <span class='ocrx_word' id='word_1_118' title='bbox 1719 672 1771 710; x_wconf 91' lang='lat'>13.</span> 
     </span>
     <span class='ocr_line' id='line_1_14' title="bbox 117 722 1773 770; baseline 0.002 -9"><span class='ocrx_word' id='word_1_119' title='bbox 117 723 175 761; x_wconf 91' lang='lat' dir='ltr'>At</span> <span class='ocrx_word' id='word_1_120' title='bbox 192 722 322 770; x_wconf 90' lang='lat' dir='ltr'>supra</span> <span class='ocrx_word' id='word_1_121' title='bbox 336 723 472 760; x_wconf 92' lang='lat' dir='ltr'>Anno</span> <span class='ocrx_word' id='word_1_122' title='bbox 489 722 596 765; x_wconf 90' lang='lat'>1587,</span> <span class='ocrx_word' id='word_1_123' title='bbox 618 733 641 760; x_wconf 89' lang='lat' dir='ltr'>e</span> <span class='ocrx_word' id='word_1_124' title='bbox 662 722 713 759; x_wconf 91' lang='lat'>24</span> <span class='ocrx_word' id='word_1_125' title='bbox 730 722 922 770; x_wconf 87' lang='lat' dir='ltr'>Ianuarij</span> <span class='ocrx_word' id='word_1_126' title='bbox 942 724 1126 761; x_wconf 89' lang='lat' dir='ltr'>inuenta</span> <span class='ocrx_word' id='word_1_127' title='bbox 1143 723 1198 761; x_wconf 81' lang='lat' dir='ltr'>est</span> <span class='ocrx_word' id='word_1_128' title='bbox 1215 724 1407 762; x_wconf 93' lang='lat' dir='ltr'>eiusdem</span> <span class='ocrx_word' id='word_1_129' title='bbox 1423 724 1626 763; x_wconf 87' lang='lat' dir='ltr'>Ascenfio</span> <span class='ocrx_word' id='word_1_130' title='bbox 1643 724 1773 764; x_wconf 70' lang='lat' dir='ltr'>Recta</span> 
     </span>
     <span class='ocr_line' id='line_1_15' title="bbox 118 774 1771 825; baseline 0.001 -10"><span class='ocrx_word' id='word_1_131' title='bbox 118 776 160 815; x_wconf 90' lang='lat' dir='ltr'>P.</span> <span class='ocrx_word' id='word_1_132' title='bbox 172 776 235 814; x_wconf 89' lang='lat'>26.</span> <span class='ocrx_word' id='word_1_133' title='bbox 250 774 275 824; x_wconf 87' lang='lat' dir='ltr'>l.</span> <span class='ocrx_word' id='word_1_134' title='bbox 288 776 324 814; x_wconf 92' lang='lat'>6.</span> <span class='ocrx_word' id='word_1_135' title='bbox 338 774 382 824; x_wconf 84' lang='lat' dir='ltr'>ll.</span> <span class='ocrx_word' id='word_1_136' title='bbox 394 776 457 819; x_wconf 88' lang='lat'>44,</span> <span class='ocrx_word' id='word_1_137' title='bbox 475 787 501 813; x_wconf 88' lang='lat' dir='ltr'>a</span> <span class='ocrx_word' id='word_1_138' title='bbox 517 786 607 823; x_wconf 84' lang='lat' dir='ltr'>qua</span> <span class='ocrx_word' id='word_1_139' title='bbox 621 774 830 814; x_wconf 67' lang='lat' dir='ltr'>subducta</span> <span class='ocrx_word' id='word_1_140' title='bbox 845 775 983 814; x_wconf 87' lang='lat' dir='ltr'>altera</span> <span class='ocrx_word' id='word_1_141' title='bbox 1000 788 1101 814; x_wconf 94' lang='lat' dir='ltr'>cum</span> <span class='ocrx_word' id='word_1_142' title='bbox 1116 776 1162 814; x_wconf 88' lang='lat' dir='ltr'>fit</span> <span class='ocrx_word' id='word_1_143' title='bbox 1178 779 1336 821; x_wconf 85' lang='lat' dir='ltr'>minor,</span> <span class='ocrx_word' id='word_1_144' title='bbox 1354 777 1400 815; x_wconf 87' lang='lat' dir='ltr'>fit</span> <span class='ocrx_word' id='word_1_145' title='bbox 1415 778 1634 825; x_wconf 73' lang='lat' dir='ltr'>Vtriusque</span> <span class='ocrx_word' id='word_1_146' title='bbox 1652 778 1771 817; x_wconf 83' lang='lat' dir='ltr'>diffe-</span> 
     </span>
     <span class='ocr_line' id='line_1_16' title="bbox 118 827 1772 877; baseline 0.001 -9"><span class='ocrx_word' id='word_1_147' title='bbox 118 831 257 868; x_wconf 91' lang='lat' dir='ltr'>rentia</span> <span class='ocrx_word' id='word_1_148' title='bbox 274 828 300 877; x_wconf 87' lang='lat' dir='ltr'>l.</span> <span class='ocrx_word' id='word_1_149' title='bbox 313 829 366 867; x_wconf 92' lang='lat'>12.</span> <span class='ocrx_word' id='word_1_150' title='bbox 381 827 424 877; x_wconf 85' lang='lat' dir='ltr'>ll.</span> <span class='ocrx_word' id='word_1_151' title='bbox 437 829 490 873; x_wconf 89' lang='grc'>31,</span> <span class='ocrx_word' id='word_1_152' title='bbox 509 830 634 866; x_wconf 91' lang='lat' dir='ltr'>euius</span> <span class='ocrx_word' id='word_1_153' title='bbox 648 829 880 867; x_wconf 92' lang='lat' dir='ltr'>dimidium</span> <span class='ocrx_word' id='word_1_154' title='bbox 893 828 918 877; x_wconf 86' lang='lat' dir='ltr'>l.</span> <span class='ocrx_word' id='word_1_155' title='bbox 931 830 967 868; x_wconf 93' lang='lat'>6.</span> <span class='ocrx_word' id='word_1_156' title='bbox 983 828 1025 877; x_wconf 83' lang='lat' dir='ltr'>ll.</span> <span class='ocrx_word' id='word_1_157' title='bbox 1040 830 1099 869; x_wconf 61' lang='lat'>15}</span> <span class='ocrx_word' id='word_1_158' title='bbox 1115 830 1312 868; x_wconf 84' lang='lat' dir='ltr'>ablatum</span> <span class='ocrx_word' id='word_1_159' title='bbox 1324 833 1482 869; x_wconf 86' lang='lat' dir='ltr'>maiori</span> <span class='ocrx_word' id='word_1_160' title='bbox 1494 832 1563 869; x_wconf 91' lang='lat' dir='ltr'>vel</span> <span class='ocrx_word' id='word_1_161' title='bbox 1575 832 1772 870; x_wconf 90' lang='lat' dir='ltr'>additum</span> 
     </span>
     <span class='ocr_line' id='line_1_17' title="bbox 117 881 1770 931; baseline 0.001 -9"><span class='ocrx_word' id='word_1_162' title='bbox 117 885 278 922; x_wconf 81' lang='lat' dir='ltr'>minori</span> <span class='ocrx_word' id='word_1_163' title='bbox 288 882 466 921; x_wconf 84' lang='lat' dir='ltr'>Lucidae</span> <span class='ocrx_word' id='word_1_164' title='bbox 476 888 522 922; x_wconf 96' lang='lat' dir='ltr'>V</span> <span class='ocrx_word' id='word_1_165' title='bbox 531 881 783 920; x_wconf 88' lang='lat' dir='ltr'>Ascenfioni</span> <span class='ocrx_word' id='word_1_166' title='bbox 793 882 948 927; x_wconf 67' lang='lat' dir='ltr'>Rec’tae,</span> <span class='ocrx_word' id='word_1_167' title='bbox 961 883 1123 931; x_wconf 87' lang='lat' dir='ltr'>profert</span> <span class='ocrx_word' id='word_1_168' title='bbox 1135 884 1327 922; x_wconf 90' lang='lat' dir='ltr'>eiusdem</span> <span class='ocrx_word' id='word_1_169' title='bbox 1337 884 1645 923; x_wconf 86' lang='lat' dir='ltr'>Ascenfionem</span> <span class='ocrx_word' id='word_1_170' title='bbox 1658 886 1700 923; x_wconf 94' lang='lat' dir='ltr'>P.</span> <span class='ocrx_word' id='word_1_171' title='bbox 1708 886 1770 924; x_wconf 91' lang='lat'>26.</span> 
     </span>
     <span class='ocr_line' id='line_1_18' title="bbox 119 935 1770 986; baseline 0.001 -11"><span class='ocrx_word' id='word_1_172' title='bbox 119 935 145 985; x_wconf 88' lang='lat' dir='ltr'>l.</span> <span class='ocrx_word' id='word_1_173' title='bbox 160 937 197 976; x_wconf 92' lang='grc' dir='ltr'>Ο.</span> <span class='ocrx_word' id='word_1_174' title='bbox 215 935 259 985; x_wconf 84' lang='grc' dir='ltr'>ΙΙ.</span> <span class='ocrx_word' id='word_1_175' title='bbox 275 936 349 976; x_wconf 51' lang='grc'>281</span> <span class='ocrx_word' id='word_1_176' title='bbox 370 938 568 984; x_wconf 86' lang='lat' dir='ltr'>apprime</span> <span class='ocrx_word' id='word_1_177' title='bbox 589 936 645 974; x_wconf 90' lang='lat' dir='ltr'>ad</span> <span class='ocrx_word' id='word_1_178' title='bbox 661 937 847 974; x_wconf 91' lang='lat' dir='ltr'>Annum</span> <span class='ocrx_word' id='word_1_179' title='bbox 867 937 1136 984; x_wconf 84' lang='lat' dir='ltr'>propofitum</span> <span class='ocrx_word' id='word_1_180' title='bbox 1156 937 1440 981; x_wconf 83' lang='lat' dir='ltr'>verificatam,</span> <span class='ocrx_word' id='word_1_181' title='bbox 1462 944 1591 986; x_wconf 90' lang='lat' dir='ltr'>prout</span> <span class='ocrx_word' id='word_1_182' title='bbox 1612 939 1770 977; x_wconf 88' lang='lat' dir='ltr'>facien-</span> 
     </span>
     <span class='ocr_line' id='line_1_19' title="bbox 117 989 551 1029; baseline -0.005 0"><span class='ocrx_word' id='word_1_183' title='bbox 117 990 223 1029; x_wconf 91' lang='lat' dir='ltr'>dum</span> <span class='ocrx_word' id='word_1_184' title='bbox 239 989 551 1029; x_wconf 83' lang='lat' dir='ltr'>constituimus.</span> 
     </span>
    </p>
   </div>
   <div class='ocr_carea' id='block_1_9' title="bbox 118 1053 1770 1279">
    <p class='ocr_par' dir='ltr' id='par_1_9' title="bbox 118 1053 1770 1279">
     <span class='ocr_line' id='line_1_20' title="bbox 118 1053 1770 1161; baseline 0.002 -7"><span class='ocrx_word' id='word_1_185' title='bbox 118 1115 195 1154; x_wconf 92' lang='lat' dir='ltr'>EX</span> <span class='ocrx_word' id='word_1_186' title='bbox 206 1114 668 1154; x_wconf 90' lang='lat' dir='ltr'>OBSERUATIONE</span> <span class='ocrx_word' id='word_1_187' title='bbox 679 1115 835 1153; x_wconf 92' lang='lat' dir='ltr'>ANNI</span> <span class='ocrx_word' id='word_1_188' title='bbox 852 1053 1078 1158; x_wconf 51' lang='lat' dir='ltr'>5ngOE</span> <span class='ocrx_word' id='word_1_189' title='bbox 1095 1117 1136 1154; x_wconf 93' lang='lat'>16</span> <span class='ocrx_word' id='word_1_190' title='bbox 1148 1116 1430 1161; x_wconf 85' lang='lat' dir='ltr'>AUGUSTI,</span> <span class='ocrx_word' id='word_1_191' title='bbox 1444 1117 1482 1154; x_wconf 89' lang='lat'>&amp;</span> <span class='ocrx_word' id='word_1_192' title='bbox 1494 1117 1648 1155; x_wconf 85' lang='lat' dir='ltr'>ANNI</span> <span class='ocrx_word' id='word_1_193' title='bbox 1664 1118 1770 1160; x_wconf 88' lang='lat'>1588.</span> 
     </span>
     <span class='ocr_line' id='line_1_21' title="bbox 346 1177 1540 1223; baseline 0.002 -8"><span class='ocrx_word' id='word_1_194' title='bbox 346 1177 387 1216; x_wconf 92' lang='lat'>16</span> <span class='ocrx_word' id='word_1_195' title='bbox 403 1177 625 1216; x_wconf 92' lang='lat' dir='ltr'>APRILIS</span> <span class='ocrx_word' id='word_1_196' title='bbox 642 1177 706 1215; x_wconf 95' lang='lat' dir='ltr'>IN</span> <span class='ocrx_word' id='word_1_197' title='bbox 722 1177 1094 1217; x_wconf 90' lang='lat' dir='ltr'>ALTITUDINE</span> <span class='ocrx_word' id='word_1_198' title='bbox 1115 1180 1158 1223; x_wconf 96' lang='grc' dir='ltr'>Θ</span> <span class='ocrx_word' id='word_1_199' title='bbox 1178 1179 1201 1216; x_wconf 89' lang='grc'>3</span> <span class='ocrx_word' id='word_1_200' title='bbox 1219 1179 1362 1217; x_wconf 88' lang='lat' dir='ltr'>FERE</span> <span class='ocrx_word' id='word_1_201' title='bbox 1379 1179 1540 1217; x_wconf 91' lang='lat' dir='ltr'>PART.</span> 
     </span>
     <span class='ocr_line' id='line_1_22' title="bbox 650 1240 1245 1279; baseline 0.002 -1"><span class='ocrx_word' id='word_1_202' title='bbox 650 1240 806 1278; x_wconf 91' lang='lat' dir='ltr'>IDEM</span> <span class='ocrx_word' id='word_1_203' title='bbox 823 1240 1245 1279; x_wconf 90' lang='lat' dir='ltr'>COMPROBARE.</span> 
     </span>
    </p>
   </div>
   <div class='ocr_carea' id='block_1_10' title="bbox 115 1311 1770 2000">
    <p class='ocr_par' dir='ltr' id='par_1_10' title="bbox 189 1311 1770 1415">
     <span class='ocr_line' id='line_1_23' title="bbox 189 1311 1770 1360; baseline 0.001 -9"><span class='ocrx_word' id='word_1_204' title='bbox 189 1311 322 1351; x_wconf 92' lang='lat' dir='ltr'>NNO</span> <span class='ocrx_word' id='word_1_205' title='bbox 341 1311 447 1357; x_wconf 89' lang='lat'>1587,</span> <span class='ocrx_word' id='word_1_206' title='bbox 465 1311 550 1350; x_wconf 93' lang='lat' dir='ltr'>Die</span> <span class='ocrx_word' id='word_1_207' title='bbox 566 1311 606 1350; x_wconf 92' lang='lat'>17</span> <span class='ocrx_word' id='word_1_208' title='bbox 622 1311 804 1360; x_wconf 85' lang='lat' dir='ltr'>Augusti</span> <span class='ocrx_word' id='word_1_209' title='bbox 820 1312 873 1350; x_wconf 89' lang='lat' dir='ltr'>A.</span> <span class='ocrx_word' id='word_1_210' title='bbox 892 1312 955 1350; x_wconf 92' lang='lat' dir='ltr'>M.</span> <span class='ocrx_word' id='word_1_211' title='bbox 974 1312 1085 1350; x_wconf 92' lang='lat' dir='ltr'>Hor.</span> <span class='ocrx_word' id='word_1_212' title='bbox 1102 1313 1138 1351; x_wconf 92' lang='lat'>5.</span> <span class='ocrx_word' id='word_1_213' title='bbox 1156 1313 1219 1350; x_wconf 92' lang='lat' dir='ltr'>M.</span> <span class='ocrx_word' id='word_1_214' title='bbox 1237 1313 1290 1357; x_wconf 87' lang='lat'>13,</span> <span class='ocrx_word' id='word_1_215' title='bbox 1308 1313 1522 1351; x_wconf 85' lang='lat' dir='ltr'>Distantia</span> <span class='ocrx_word' id='word_1_216' title='bbox 1538 1315 1650 1351; x_wconf 89' lang='lat' dir='ltr'>inter</span> <span class='ocrx_word' id='word_1_217' title='bbox 1669 1316 1712 1358; x_wconf 96' lang='grc' dir='ltr'>Θ</span> <span class='ocrx_word' id='word_1_218' title='bbox 1733 1313 1770 1352; x_wconf 88' lang='grc'>8(</span> 
     </span>
     <span class='ocr_line' id='line_1_24' title="bbox 231 1364 1769 1415; baseline 0.001 -12"><span class='ocrx_word' id='word_1_219' title='bbox 231 1365 450 1404; x_wconf 88' lang='lat' dir='ltr'>Venerem</span> <span class='ocrx_word' id='word_1_220' title='bbox 466 1365 509 1403; x_wconf 92' lang='lat' dir='ltr'>P.</span> <span class='ocrx_word' id='word_1_221' title='bbox 526 1365 589 1404; x_wconf 92' lang='lat'>28.</span> <span class='ocrx_word' id='word_1_222' title='bbox 608 1364 634 1413; x_wconf 88' lang='lat' dir='ltr'>l.</span> <span class='ocrx_word' id='word_1_223' title='bbox 651 1366 675 1404; x_wconf 90' lang='lat'>9</span> <span class='ocrx_word' id='word_1_224' title='bbox 696 1365 950 1413; x_wconf 85' lang='lat' dir='ltr'>capiebatur</span> <span class='ocrx_word' id='word_1_225' title='bbox 968 1366 1147 1404; x_wconf 87' lang='lat' dir='ltr'>caelitus.</span> <span class='ocrx_word' id='word_1_226' title='bbox 1170 1366 1288 1404; x_wconf 93' lang='lat' dir='ltr'>Altit.</span> <span class='ocrx_word' id='word_1_227' title='bbox 1310 1368 1353 1410; x_wconf 99' lang='grc' dir='ltr'>Θ</span> <span class='ocrx_word' id='word_1_228' title='bbox 1373 1373 1475 1404; x_wconf 90' lang='lat' dir='ltr'>tunc</span> <span class='ocrx_word' id='word_1_229' title='bbox 1496 1367 1575 1404; x_wconf 85' lang='lat' dir='ltr'>fuit</span> <span class='ocrx_word' id='word_1_230' title='bbox 1596 1367 1637 1404; x_wconf 68' lang='lat' dir='ltr'>2I:</span> <span class='ocrx_word' id='word_1_231' title='bbox 1663 1374 1769 1415; x_wconf 90' lang='lat' dir='ltr'>part.</span> 
     </span>
    </p>

    <p class='ocr_par' dir='ltr' id='par_1_11' title="bbox 116 1417 1770 1637">
     <span class='ocr_line' id='line_1_25' title="bbox 116 1417 1770 1468; baseline 0.001 -12"><span class='ocrx_word' id='word_1_232' title='bbox 116 1417 313 1457; x_wconf 84' lang='lat' dir='ltr'>Altitudo</span> <span class='ocrx_word' id='word_1_233' title='bbox 332 1422 359 1463; x_wconf 70' lang='grc' dir='ltr'><strong>Ω</strong></span> <span class='ocrx_word' id='word_1_234' title='bbox 377 1419 462 1459; x_wconf 48' lang='grc'><strong>251.</strong></span> <span class='ocrx_word' id='word_1_235' title='bbox 480 1419 731 1457; x_wconf 91' lang='lat' dir='ltr'>Declinatio</span> <span class='ocrx_word' id='word_1_236' title='bbox 751 1422 777 1462; x_wconf 73' lang='lat' dir='ltr'>Q</span> <span class='ocrx_word' id='word_1_237' title='bbox 797 1419 839 1457; x_wconf 91' lang='lat' dir='ltr'>P.</span> <span class='ocrx_word' id='word_1_238' title='bbox 852 1419 904 1457; x_wconf 93' lang='lat'>19.</span> <span class='ocrx_word' id='word_1_239' title='bbox 923 1417 947 1466; x_wconf 84' lang='lat' dir='ltr'>l.</span> <span class='ocrx_word' id='word_1_240' title='bbox 961 1419 1031 1459; x_wconf 61' lang='lat'>26}</span> <span class='ocrx_word' id='word_1_241' title='bbox 1052 1420 1150 1458; x_wconf 92' lang='lat' dir='ltr'>Bor.</span> <span class='ocrx_word' id='word_1_242' title='bbox 1168 1432 1245 1467; x_wconf 90' lang='lat' dir='ltr'>per</span> <span class='ocrx_word' id='word_1_243' title='bbox 1262 1420 1472 1458; x_wconf 89' lang='lat' dir='ltr'>Armillas</span> <span class='ocrx_word' id='word_1_244' title='bbox 1489 1428 1671 1468; x_wconf 89' lang='lat' dir='ltr'>reperta.</span> <span class='ocrx_word' id='word_1_245' title='bbox 1690 1421 1770 1458; x_wconf 93' lang='lat' dir='ltr'>Lo-</span> 
     </span>
     <span class='ocr_line' id='line_1_26' title="bbox 117 1471 1769 1522; baseline 0.001 -12"><span class='ocrx_word' id='word_1_246' title='bbox 117 1483 191 1510; x_wconf 92' lang='lat' dir='ltr'>cus</span> <span class='ocrx_word' id='word_1_247' title='bbox 210 1474 253 1518; x_wconf 93' lang='grc' dir='ltr'>Θ</span> <span class='ocrx_word' id='word_1_248' title='bbox 272 1472 315 1511; x_wconf 92' lang='lat' dir='ltr'>P.</span> <span class='ocrx_word' id='word_1_249' title='bbox 331 1473 368 1511; x_wconf 93' lang='lat'>3.</span> <span class='ocrx_word' id='word_1_250' title='bbox 388 1471 413 1521; x_wconf 86' lang='lat' dir='ltr'>l.</span> <span class='ocrx_word' id='word_1_251' title='bbox 430 1473 467 1511; x_wconf 90' lang='lat'>2.</span> <span class='ocrx_word' id='word_1_252' title='bbox 486 1471 529 1521; x_wconf 73' lang='lat' dir='ltr'>ll.</span> <span class='ocrx_word' id='word_1_253' title='bbox 546 1473 571 1511; x_wconf 93' lang='lat'>8</span> <span class='ocrx_word' id='word_1_254' title='bbox 587 1479 649 1521; x_wconf 72' lang='grc' dir='ltr'><strong>τη).</strong></span> <span class='ocrx_word' id='word_1_255' title='bbox 666 1472 869 1511; x_wconf 89' lang='lat' dir='ltr'>Ascenfio</span> <span class='ocrx_word' id='word_1_256' title='bbox 887 1471 1017 1511; x_wconf 67' lang='lat' dir='ltr'>Recta</span> <span class='ocrx_word' id='word_1_257' title='bbox 1033 1473 1117 1511; x_wconf 93' lang='lat' dir='ltr'>loci</span> <span class='ocrx_word' id='word_1_258' title='bbox 1138 1475 1180 1518; x_wconf 95' lang='grc' dir='ltr'>Θ</span> <span class='ocrx_word' id='word_1_259' title='bbox 1200 1474 1243 1511; x_wconf 89' lang='grc' dir='ltr'>Ρ.</span> <span class='ocrx_word' id='word_1_260' title='bbox 1261 1473 1339 1511; x_wconf 87' lang='grc'><strong>154.</strong></span> <span class='ocrx_word' id='word_1_261' title='bbox 1360 1472 1384 1521; x_wconf 75' lang='lat' dir='ltr'>l.</span> <span class='ocrx_word' id='word_1_262' title='bbox 1402 1474 1464 1512; x_wconf 90' lang='lat'>59.</span> <span class='ocrx_word' id='word_1_263' title='bbox 1484 1472 1527 1522; x_wconf 82' lang='lat' dir='ltr'>ll.</span> <span class='ocrx_word' id='word_1_264' title='bbox 1545 1474 1608 1512; x_wconf 87' lang='lat'>34.</span> <span class='ocrx_word' id='word_1_265' title='bbox 1627 1474 1769 1512; x_wconf 91' lang='lat' dir='ltr'>Decli-</span> 
     </span>
     <span class='ocr_line' id='line_1_27' title="bbox 116 1524 1770 1574; baseline 0.001 -10"><span class='ocrx_word' id='word_1_266' title='bbox 116 1527 235 1564; x_wconf 90' lang='lat' dir='ltr'>natio</span> <span class='ocrx_word' id='word_1_267' title='bbox 255 1526 298 1565; x_wconf 90' lang='lat' dir='ltr'>P.</span> <span class='ocrx_word' id='word_1_268' title='bbox 315 1526 368 1565; x_wconf 92' lang='lat'>10.</span> <span class='ocrx_word' id='word_1_269' title='bbox 391 1525 417 1574; x_wconf 83' lang='lat' dir='ltr'>l.</span> <span class='ocrx_word' id='word_1_270' title='bbox 434 1527 497 1565; x_wconf 92' lang='lat'>25.</span> <span class='ocrx_word' id='word_1_271' title='bbox 521 1524 564 1574; x_wconf 84' lang='lat' dir='ltr'>ll.</span> <span class='ocrx_word' id='word_1_272' title='bbox 581 1526 633 1565; x_wconf 90' lang='lat'>38</span> <span class='ocrx_word' id='word_1_273' title='bbox 654 1526 808 1565; x_wconf 88' lang='lat' dir='ltr'>Borea.</span> <span class='ocrx_word' id='word_1_274' title='bbox 831 1526 1039 1574; x_wconf 89' lang='lat' dir='ltr'>Hincque</span> <span class='ocrx_word' id='word_1_275' title='bbox 1060 1527 1155 1565; x_wconf 89' lang='lat' dir='ltr'>Asc.</span> <span class='ocrx_word' id='word_1_276' title='bbox 1178 1527 1224 1565; x_wconf 90' lang='lat' dir='ltr'>R.</span> <span class='ocrx_word' id='word_1_277' title='bbox 1248 1530 1273 1570; x_wconf 69' lang='lat' dir='ltr'>Q</span> <span class='ocrx_word' id='word_1_278' title='bbox 1297 1529 1342 1564; x_wconf 93' lang='lat' dir='ltr'>in</span> <span class='ocrx_word' id='word_1_279' title='bbox 1364 1527 1482 1565; x_wconf 92' lang='lat' dir='ltr'>hunc</span> <span class='ocrx_word' id='word_1_280' title='bbox 1502 1528 1687 1566; x_wconf 90' lang='lat' dir='ltr'>modum</span> <span class='ocrx_word' id='word_1_281' title='bbox 1708 1530 1770 1565; x_wconf 93' lang='lat' dir='ltr'>in-</span> 
     </span>
     <span class='ocr_line' id='line_1_28' title="bbox 116 1579 1555 1637; baseline 0 -19"><span class='ocrx_word' id='word_1_282' title='bbox 116 1585 252 1618; x_wconf 90' lang='lat' dir='ltr'>uentu</span> <span class='ocrx_word' id='word_1_283' title='bbox 267 1592 359 1618; x_wconf 92' lang='lat' dir='ltr'>non</span> <span class='ocrx_word' id='word_1_284' title='bbox 374 1579 454 1618; x_wconf 89' lang='lat' dir='ltr'>fuit</span> <span class='ocrx_word' id='word_1_285' title='bbox 470 1579 670 1618; x_wconf 83' lang='lat' dir='ltr'>difficilis.</span> <span class='ocrx_word' id='word_1_286' title='bbox 1511 1586 1555 1637; x_wconf 74' lang='grc' dir='ltr'>Α</span> 
     </span>
    </p>

    <p class='ocr_par' dir='ltr' id='par_1_12' title="bbox 115 1632 1490 2000">
     <span class='ocr_line' id='line_1_29' title="bbox 168 1632 1490 1682; baseline -0.001 -10"><span class='ocrx_word' id='word_1_287' title='bbox 168 1632 229 1672; x_wconf 93' lang='lat' dir='ltr'>Sit</span> <span class='ocrx_word' id='word_1_288' title='bbox 255 1635 302 1672; x_wconf 93' lang='lat' dir='ltr'>in</span> <span class='ocrx_word' id='word_1_289' title='bbox 327 1633 411 1672; x_wconf 91' lang='lat' dir='ltr'>hac</span> <span class='ocrx_word' id='word_1_290' title='bbox 438 1633 597 1682; x_wconf 89' lang='lat' dir='ltr'>Figura</span> <span class='ocrx_word' id='word_1_291' title='bbox 619 1635 661 1671; x_wconf 93' lang='lat' dir='ltr'><strong>A</strong></span> <span class='ocrx_word' id='word_1_292' title='bbox 684 1633 816 1672; x_wconf 91' lang='lat' dir='ltr'>Polus</span> <span class='ocrx_word' id='word_1_293' title='bbox 839 1633 1107 1681; x_wconf 89' lang='lat' dir='ltr'>AEquatoris.</span> <span class='ocrx_word' id='word_1_294' title='bbox 1138 1634 1171 1672; x_wconf 90' lang='lat' dir='ltr'>B</span> <span class='ocrx_word' id='word_1_295' title='bbox 1194 1638 1233 1677; x_wconf 69' lang='lat' dir='ltr'>Q.</span> <span class='ocrx_word' id='word_1_296' title='bbox 1487 1651 1490 1654; x_wconf 86' lang='lat'><strong>·</strong></span> 
     </span>
     <span class='ocr_line' id='line_1_30' title="bbox 117 1685 1235 1735; baseline 0 -10"><span class='ocrx_word' id='word_1_297' title='bbox 117 1685 153 1725; x_wconf 95' lang='lat' dir='ltr'>C</span> <span class='ocrx_word' id='word_1_298' title='bbox 173 1685 259 1725; x_wconf 93' lang='lat' dir='ltr'>Sol.</span> <span class='ocrx_word' id='word_1_299' title='bbox 281 1687 416 1726; x_wconf 89' lang='lat' dir='ltr'>Latus</span> <span class='ocrx_word' id='word_1_300' title='bbox 432 1688 528 1732; x_wconf 88' lang='lat' dir='ltr'>BA,</span> <span class='ocrx_word' id='word_1_301' title='bbox 549 1687 592 1725; x_wconf 92' lang='grc' dir='ltr'>Ρ.</span> <span class='ocrx_word' id='word_1_302' title='bbox 610 1687 672 1726; x_wconf 91' lang='grc'><strong>70.</strong></span> <span class='ocrx_word' id='word_1_303' title='bbox 692 1686 717 1735; x_wconf 86' lang='lat' dir='ltr'>l.</span> <span class='ocrx_word' id='word_1_304' title='bbox 735 1687 820 1730; x_wconf 45' lang='lat'>333.</span> <span class='ocrx_word' id='word_1_305' title='bbox 844 1687 1235 1734; x_wconf 92' lang='lat' dir='ltr'>Complementum</span> 
     </span>
     <span class='ocr_line' id='line_1_31' title="bbox 116 1739 1233 1789; baseline 0 -11"><span class='ocrx_word' id='word_1_306' title='bbox 116 1739 330 1779; x_wconf 89' lang='lat' dir='ltr'>Declinat.</span> <span class='ocrx_word' id='word_1_307' title='bbox 351 1744 392 1785; x_wconf 74' lang='lat' dir='ltr'>Q.</span> <span class='ocrx_word' id='word_1_308' title='bbox 415 1740 514 1784; x_wconf 93' lang='lat' dir='ltr'>CA,</span> <span class='ocrx_word' id='word_1_309' title='bbox 535 1740 578 1778; x_wconf 90' lang='lat' dir='ltr'>P.</span> <span class='ocrx_word' id='word_1_310' title='bbox 600 1741 663 1779; x_wconf 88' lang='lat'>79.</span> <span class='ocrx_word' id='word_1_311' title='bbox 688 1739 713 1789; x_wconf 89' lang='grc' dir='ltr'>Ι.</span> <span class='ocrx_word' id='word_1_312' title='bbox 735 1741 820 1785; x_wconf 61' lang='grc'>341,</span> <span class='ocrx_word' id='word_1_313' title='bbox 839 1741 1012 1788; x_wconf 89' lang='lat' dir='ltr'>Compl.</span> <span class='ocrx_word' id='word_1_314' title='bbox 1031 1741 1152 1779; x_wconf 90' lang='lat' dir='ltr'>Decl.</span> <span class='ocrx_word' id='word_1_315' title='bbox 1174 1743 1233 1785; x_wconf 92' lang='grc' dir='ltr'>Θ.</span> 
     </span>
     <span class='ocr_line' id='line_1_32' title="bbox 116 1793 1233 1843; baseline 0 -11"><span class='ocrx_word' id='word_1_316' title='bbox 116 1793 207 1838; x_wconf 90' lang='lat' dir='ltr'>BC,</span> <span class='ocrx_word' id='word_1_317' title='bbox 227 1793 271 1833; x_wconf 91' lang='lat' dir='ltr'>P.</span> <span class='ocrx_word' id='word_1_318' title='bbox 287 1794 351 1833; x_wconf 93' lang='lat'>28.</span> <span class='ocrx_word' id='word_1_319' title='bbox 370 1793 396 1843; x_wconf 82' lang='lat' dir='ltr'>l.</span> <span class='ocrx_word' id='word_1_320' title='bbox 413 1795 450 1839; x_wconf 87' lang='lat'>9,</span> <span class='ocrx_word' id='word_1_321' title='bbox 472 1794 671 1833; x_wconf 86' lang='lat' dir='ltr'>distantia</span> <span class='ocrx_word' id='word_1_322' title='bbox 686 1796 798 1832; x_wconf 92' lang='lat' dir='ltr'>inter</span> <span class='ocrx_word' id='word_1_323' title='bbox 818 1796 861 1839; x_wconf 96' lang='grc' dir='ltr'>Θ</span> <span class='ocrx_word' id='word_1_324' title='bbox 882 1794 920 1832; x_wconf 90' lang='grc'>8(</span> <span class='ocrx_word' id='word_1_325' title='bbox 941 1798 983 1837; x_wconf 72' lang='lat' dir='ltr'>Q.</span> <span class='ocrx_word' id='word_1_326' title='bbox 1006 1795 1118 1843; x_wconf 91' lang='lat' dir='ltr'>Ergo</span> <span class='ocrx_word' id='word_1_327' title='bbox 1140 1794 1233 1832; x_wconf 91' lang='lat' dir='ltr'>sub-</span> 
     </span>
     <span class='ocr_line' id='line_1_33' title="bbox 115 1846 1232 1896; baseline 0.001 -11"><span class='ocrx_word' id='word_1_328' title='bbox 115 1846 314 1886; x_wconf 88' lang='lat' dir='ltr'>ducendo</span> <span class='ocrx_word' id='word_1_329' title='bbox 330 1848 551 1887; x_wconf 89' lang='lat' dir='ltr'>calculum</span> <span class='ocrx_word' id='word_1_330' title='bbox 568 1848 711 1896; x_wconf 88' lang='lat' dir='ltr'>prodit</span> <span class='ocrx_word' id='word_1_331' title='bbox 726 1848 931 1896; x_wconf 90' lang='lat' dir='ltr'>Angulus</span> <span class='ocrx_word' id='word_1_332' title='bbox 948 1848 1089 1892; x_wconf 84' lang='lat' dir='ltr'>BAC,</span> <span class='ocrx_word' id='word_1_333' title='bbox 1109 1848 1152 1886; x_wconf 91' lang='grc' dir='ltr'>Ρ.</span> <span class='ocrx_word' id='word_1_334' title='bbox 1170 1848 1232 1887; x_wconf 91' lang='lat'>27.</span> 
     </span>
     <span class='ocr_line' id='line_1_34' title="bbox 117 1898 1232 1950; baseline 0.001 -12"><span class='ocrx_word' id='word_1_335' title='bbox 117 1898 142 1948; x_wconf 86' lang='grc' dir='ltr'>Ι.</span> <span class='ocrx_word' id='word_1_336' title='bbox 158 1900 220 1939; x_wconf 87' lang='grc'>39.</span> <span class='ocrx_word' id='word_1_337' title='bbox 238 1899 282 1950; x_wconf 83' lang='lat' dir='ltr'>ll.</span> <span class='ocrx_word' id='word_1_338' title='bbox 299 1902 336 1946; x_wconf 93' lang='lat'>6,</span> <span class='ocrx_word' id='word_1_339' title='bbox 359 1904 435 1950; x_wconf 93' lang='lat' dir='ltr'>qui</span> <span class='ocrx_word' id='word_1_340' title='bbox 456 1914 557 1940; x_wconf 91' lang='lat' dir='ltr'>cum</span> <span class='ocrx_word' id='word_1_341' title='bbox 577 1901 623 1939; x_wconf 89' lang='lat' dir='ltr'>fit</span> <span class='ocrx_word' id='word_1_342' title='bbox 644 1901 891 1940; x_wconf 84' lang='lat' dir='ltr'>differentia</span> <span class='ocrx_word' id='word_1_343' title='bbox 907 1901 997 1949; x_wconf 90' lang='lat' dir='ltr'>ipsa</span> <span class='ocrx_word' id='word_1_344' title='bbox 1013 1901 1232 1940; x_wconf 88' lang='lat' dir='ltr'>Ascenfio-</span> 
     </span>
     <span class='ocr_line' id='line_1_35' title="bbox 115 1953 1230 2000; baseline 0.001 -8"><span class='ocrx_word' id='word_1_345' title='bbox 115 1953 226 1993; x_wconf 90' lang='lat' dir='ltr'>nalis</span> <span class='ocrx_word' id='word_1_346' title='bbox 241 1956 352 1993; x_wconf 91' lang='lat' dir='ltr'>inter</span> <span class='ocrx_word' id='word_1_347' title='bbox 371 1957 415 2000; x_wconf 93' lang='grc' dir='ltr'>Θ</span> <span class='ocrx_word' id='word_1_348' title='bbox 435 1955 474 1994; x_wconf 93' lang='grc'>8(</span> <span class='ocrx_word' id='word_1_349' title='bbox 490 1955 722 1999; x_wconf 90' lang='lat' dir='ltr'>Venerem,</span> <span class='ocrx_word' id='word_1_350' title='bbox 743 1955 915 1993; x_wconf 86' lang='lat' dir='ltr'>ablatus</span> <span class='ocrx_word' id='word_1_351' title='bbox 935 1955 990 1993; x_wconf 89' lang='lat' dir='ltr'>ab</span> <span class='ocrx_word' id='word_1_352' title='bbox 1006 1955 1100 1993; x_wconf 92' lang='lat' dir='ltr'>Asc.</span> <span class='ocrx_word' id='word_1_353' title='bbox 1120 1955 1164 1993; x_wconf 92' lang='lat' dir='ltr'>R.</span> <span class='ocrx_word' id='word_1_354' title='bbox 1187 1957 1230 2000; x_wconf 96' lang='grc' dir='ltr'>Θ</span> 
     </span>
    </p>
   </div>
   <div class='ocr_carea' id='block_1_11' title="bbox 115 2006 1750 2284">
    <p class='ocr_par' dir='ltr' id='par_1_13' title="bbox 115 2006 1339 2056">
     <span class='ocr_line' id='line_1_36' title="bbox 115 2006 1339 2056; baseline 0 -10"><span class='ocrx_word' id='word_1_355' title='bbox 115 2007 186 2046; x_wconf 89' lang='lat' dir='ltr'>dat</span> <span class='ocrx_word' id='word_1_356' title='bbox 201 2007 295 2047; x_wconf 85' lang='lat' dir='ltr'>Asc.</span> <span class='ocrx_word' id='word_1_357' title='bbox 312 2007 491 2047; x_wconf 69' lang='lat' dir='ltr'>Rectam</span> <span class='ocrx_word' id='word_1_358' title='bbox 506 2009 691 2047; x_wconf 92' lang='lat' dir='ltr'>Veneris</span> <span class='ocrx_word' id='word_1_359' title='bbox 708 2009 750 2046; x_wconf 91' lang='lat' dir='ltr'>P.</span> <span class='ocrx_word' id='word_1_360' title='bbox 768 2009 847 2047; x_wconf 88' lang='lat'>127.</span> <span class='ocrx_word' id='word_1_361' title='bbox 867 2007 892 2055; x_wconf 84' lang='lat' dir='ltr'>l.</span> <span class='ocrx_word' id='word_1_362' title='bbox 910 2009 973 2046; x_wconf 93' lang='lat'>20.</span> <span class='ocrx_word' id='word_1_363' title='bbox 993 2007 1035 2056; x_wconf 83' lang='lat' dir='ltr'>ll.</span> <span class='ocrx_word' id='word_1_364' title='bbox 1053 2009 1116 2047; x_wconf 91' lang='lat'>28.</span> <span class='ocrx_word' id='word_1_365' title='bbox 1298 2006 1339 2052; x_wconf 87' lang='lat' dir='ltr'>C</span> 
     </span>
    </p>

    <p class='ocr_par' dir='ltr' id='par_1_14' title="bbox 115 2038 1750 2284">
     <span class='ocr_line' id='line_1_37' title="bbox 167 2060 1234 2105; baseline -0.001 -5"><span class='ocrx_word' id='word_1_366' title='bbox 167 2060 333 2100; x_wconf 91' lang='lat' dir='ltr'>Eodem</span> <span class='ocrx_word' id='word_1_367' title='bbox 343 2062 428 2100; x_wconf 91' lang='lat' dir='ltr'>Die</span> <span class='ocrx_word' id='word_1_368' title='bbox 437 2063 491 2100; x_wconf 89' lang='lat' dir='ltr'>A.</span> <span class='ocrx_word' id='word_1_369' title='bbox 502 2062 566 2100; x_wconf 93' lang='lat' dir='ltr'>M.</span> <span class='ocrx_word' id='word_1_370' title='bbox 578 2062 688 2100; x_wconf 90' lang='lat' dir='ltr'>Hor.</span> <span class='ocrx_word' id='word_1_371' title='bbox 700 2062 736 2100; x_wconf 90' lang='grc'><strong>3.</strong></span> <span class='ocrx_word' id='word_1_372' title='bbox 748 2062 811 2100; x_wconf 90' lang='grc' dir='ltr'>Μ.</span> <span class='ocrx_word' id='word_1_373' title='bbox 823 2062 886 2105; x_wconf 89' lang='grc'>37,</span> <span class='ocrx_word' id='word_1_374' title='bbox 899 2061 1113 2100; x_wconf 86' lang='lat' dir='ltr'>Distantia</span> <span class='ocrx_word' id='word_1_375' title='bbox 1123 2064 1234 2100; x_wconf 87' lang='lat' dir='ltr'>inter</span> 
     </span>
     <span class='ocr_line' id='line_1_38' title="bbox 118 2038 1750 2284; baseline -0.012 -127"><span class='ocrx_word' id='word_1_376' title='bbox 118 2116 145 2157; x_wconf 75' lang='grc' dir='ltr'><strong>Ω</strong></span> <span class='ocrx_word' id='word_1_377' title='bbox 167 2113 206 2152; x_wconf 82' lang='grc'>8(</span> <span class='ocrx_word' id='word_1_378' title='bbox 224 2114 420 2164; x_wconf 88' lang='lat' dir='ltr'>superius</span> <span class='ocrx_word' id='word_1_379' title='bbox 443 2116 589 2164; x_wconf 89' lang='lat' dir='ltr'>Caput</span> <span class='ocrx_word' id='word_1_380' title='bbox 613 2118 668 2160; x_wconf 81' lang='grc' dir='ltr'>Π,</span> <span class='ocrx_word' id='word_1_381' title='bbox 691 2116 733 2153; x_wconf 95' lang='grc' dir='ltr'>Ρ.</span> <span class='ocrx_word' id='word_1_382' title='bbox 751 2115 813 2153; x_wconf 92' lang='lat'>22.</span> <span class='ocrx_word' id='word_1_383' title='bbox 833 2114 858 2163; x_wconf 82' lang='lat' dir='ltr'>l.</span> <span class='ocrx_word' id='word_1_384' title='bbox 876 2115 939 2155; x_wconf 67' lang='lat'>19}</span> <span class='ocrx_word' id='word_1_385' title='bbox 960 2117 1143 2154; x_wconf 91' lang='lat' dir='ltr'>inuenta</span> <span class='ocrx_word' id='word_1_386' title='bbox 1165 2115 1231 2153; x_wconf 86' lang='lat' dir='ltr'>est.</span> <span class='ocrx_word' id='word_1_387' title='bbox 1327 2038 1750 2284; x_wconf 82' lang='lat' dir='ltr'>—B</span> 
     </span>
     <span class='ocr_line' id='line_1_39' title="bbox 115 2166 1233 2217; baseline 0.002 -12"><span class='ocrx_word' id='word_1_388' title='bbox 115 2166 361 2208; x_wconf 89' lang='lat' dir='ltr'>Declinatio</span> <span class='ocrx_word' id='word_1_389' title='bbox 385 2173 412 2213; x_wconf 72' lang='lat' dir='ltr'>Q</span> <span class='ocrx_word' id='word_1_390' title='bbox 435 2169 478 2207; x_wconf 94' lang='lat' dir='ltr'>P.</span> <span class='ocrx_word' id='word_1_391' title='bbox 500 2169 553 2208; x_wconf 93' lang='grc'>19.</span> <span class='ocrx_word' id='word_1_392' title='bbox 577 2168 602 2217; x_wconf 86' lang='lat' dir='ltr'>l.</span> <span class='ocrx_word' id='word_1_393' title='bbox 624 2169 698 2209; x_wconf 69' lang='lat'>29}</span> <span class='ocrx_word' id='word_1_394' title='bbox 719 2181 796 2216; x_wconf 90' lang='lat' dir='ltr'>per</span> <span class='ocrx_word' id='word_1_395' title='bbox 816 2169 1040 2213; x_wconf 85' lang='lat' dir='ltr'>Armillas,</span> <span class='ocrx_word' id='word_1_396' title='bbox 1064 2169 1233 2217; x_wconf 89' lang='lat' dir='ltr'>fuitque</span> 
     </span>
    </p>
   </div>
   <div class='ocr_carea' id='block_1_12' title="bbox 114 2220 1765 2431">
    <p class='ocr_par' dir='ltr' id='par_1_15' title="bbox 114 2220 1761 2377">
     <span class='ocr_line' id='line_1_40' title="bbox 114 2220 1761 2287; baseline 0.001 -28"><span class='ocrx_word' id='word_1_397' title='bbox 114 2220 310 2260; x_wconf 85' lang='lat' dir='ltr'>Altitudo</span> <span class='ocrx_word' id='word_1_398' title='bbox 329 2226 356 2266; x_wconf 73' lang='lat' dir='ltr'>Q</span> <span class='ocrx_word' id='word_1_399' title='bbox 375 2223 418 2261; x_wconf 91' lang='lat' dir='ltr'>P.</span> <span class='ocrx_word' id='word_1_400' title='bbox 435 2223 488 2261; x_wconf 88' lang='lat'>13.</span> <span class='ocrx_word' id='word_1_401' title='bbox 510 2222 761 2261; x_wconf 91' lang='lat' dir='ltr'>Declinatio</span> <span class='ocrx_word' id='word_1_402' title='bbox 778 2222 1010 2270; x_wconf 90' lang='lat' dir='ltr'>superioris</span> <span class='ocrx_word' id='word_1_403' title='bbox 1028 2222 1169 2270; x_wconf 88' lang='lat' dir='ltr'>Capit.</span> <span class='ocrx_word' id='word_1_404' title='bbox 1191 2225 1225 2266; x_wconf 80' lang='grc' dir='ltr'>Π</span> <span class='ocrx_word' id='word_1_405' title='bbox 1266 2237 1316 2281; x_wconf 83' lang='lat' dir='ltr'>D</span> <span class='ocrx_word' id='word_1_406' title='bbox 1719 2246 1761 2287; x_wconf 72' lang='lat' dir='ltr'>E</span> 
     </span>
     <span class='ocr_line' id='line_1_41' title="bbox 114 2275 1231 2324; baseline 0.002 -12"><span class='ocrx_word' id='word_1_407' title='bbox 114 2285 167 2312; x_wconf 89' lang='lat' dir='ltr'>ex</span> <span class='ocrx_word' id='word_1_408' title='bbox 191 2277 315 2314; x_wconf 88' lang='lat' dir='ltr'>certis</span> <span class='ocrx_word' id='word_1_409' title='bbox 341 2276 566 2315; x_wconf 87' lang='lat' dir='ltr'>Obseruat.</span> <span class='ocrx_word' id='word_1_410' title='bbox 594 2288 646 2314; x_wconf 92' lang='lat' dir='ltr'>eo</span> <span class='ocrx_word' id='word_1_411' title='bbox 672 2277 807 2314; x_wconf 92' lang='lat' dir='ltr'>Anno</span> <span class='ocrx_word' id='word_1_412' title='bbox 833 2275 913 2314; x_wconf 87' lang='lat' dir='ltr'>fuit</span> <span class='ocrx_word' id='word_1_413' title='bbox 938 2276 980 2313; x_wconf 91' lang='lat' dir='ltr'>P.</span> <span class='ocrx_word' id='word_1_414' title='bbox 1006 2276 1068 2314; x_wconf 88' lang='lat'>32.</span> <span class='ocrx_word' id='word_1_415' title='bbox 1097 2275 1122 2324; x_wconf 82' lang='lat' dir='ltr'>s.</span> <span class='ocrx_word' id='word_1_416' title='bbox 1146 2277 1231 2314; x_wconf 64' lang='lat'>42³..</span> 
     </span>
     <span class='ocr_line' id='line_1_42' title="bbox 114 2326 1470 2377; baseline 0 -11"><span class='ocrx_word' id='word_1_417' title='bbox 114 2326 232 2366; x_wconf 89' lang='lat' dir='ltr'>Hinc</span> <span class='ocrx_word' id='word_1_418' title='bbox 246 2329 465 2377; x_wconf 75' lang='lat' dir='ltr'>Vtriusque</span> <span class='ocrx_word' id='word_1_419' title='bbox 481 2329 801 2368; x_wconf 90' lang='lat' dir='ltr'>Ascenfionalis</span> <span class='ocrx_word' id='word_1_420' title='bbox 817 2329 1064 2368; x_wconf 85' lang='lat' dir='ltr'>differentia</span> <span class='ocrx_word' id='word_1_421' title='bbox 1080 2330 1163 2368; x_wconf 90' lang='lat' dir='ltr'>hac</span> <span class='ocrx_word' id='word_1_422' title='bbox 1179 2332 1252 2368; x_wconf 90' lang='lat' dir='ltr'>via</span> <span class='ocrx_word' id='word_1_423' title='bbox 1268 2331 1470 2367; x_wconf 89' lang='lat' dir='ltr'>innotuit.</span> 
     </span>
    </p>

    <p class='ocr_par' dir='ltr' id='par_1_16' title="bbox 165 2381 1765 2431">
     <span class='ocr_line' id='line_1_43' title="bbox 165 2381 1765 2431; baseline 0.002 -11"><span class='ocrx_word' id='word_1_424' title='bbox 165 2381 235 2420; x_wconf 89' lang='lat' dir='ltr'>Ad</span> <span class='ocrx_word' id='word_1_425' title='bbox 255 2381 339 2421; x_wconf 91' lang='lat' dir='ltr'>hoc</span> <span class='ocrx_word' id='word_1_426' title='bbox 359 2385 592 2431; x_wconf 90' lang='lat' dir='ltr'>negocium</span> <span class='ocrx_word' id='word_1_427' title='bbox 613 2383 940 2422; x_wconf 89' lang='lat' dir='ltr'>accommodari</span> <span class='ocrx_word' id='word_1_428' title='bbox 962 2395 1140 2431; x_wconf 91' lang='lat' dir='ltr'>quoque</span> <span class='ocrx_word' id='word_1_429' title='bbox 1162 2383 1425 2421; x_wconf 89' lang='lat' dir='ltr'>antecedens</span> <span class='ocrx_word' id='word_1_430' title='bbox 1442 2383 1600 2430; x_wconf 87' lang='lat' dir='ltr'>Figura</span> <span class='ocrx_word' id='word_1_431' title='bbox 1621 2382 1765 2430; x_wconf 83' lang='lat' dir='ltr'>potest.</span> 
     </span>
    </p>
   </div>
   <div class='ocr_carea' id='block_1_13' title="bbox 47 2435 1765 2485">
    <p class='ocr_par' dir='ltr' id='par_1_17' title="bbox 47 2435 1765 2485">
     <span class='ocr_line' id='line_1_44' title="bbox 47 2435 1765 2485; baseline 0.002 -15"><span class='ocrx_word' id='word_1_432' title='bbox 47 2443 80 2469; x_wconf 82' lang='grc' dir='ltr'>4ο</span> <span class='ocrx_word' id='word_1_433' title='bbox 114 2435 173 2472; x_wconf 91' lang='lat' dir='ltr'>ita</span> <span class='ocrx_word' id='word_1_434' title='bbox 182 2440 226 2473; x_wconf 89' lang='lat' dir='ltr'>vt</span> <span class='ocrx_word' id='word_1_435' title='bbox 237 2435 274 2474; x_wconf 94' lang='lat' dir='ltr'>C</span> <span class='ocrx_word' id='word_1_436' title='bbox 285 2435 331 2474; x_wconf 86' lang='lat' dir='ltr'>fit</span> <span class='ocrx_word' id='word_1_437' title='bbox 342 2436 506 2475; x_wconf 90' lang='lat' dir='ltr'>Venus.</span> <span class='ocrx_word' id='word_1_438' title='bbox 524 2437 558 2475; x_wconf 91' lang='lat' dir='ltr'>B</span> <span class='ocrx_word' id='word_1_439' title='bbox 570 2436 766 2484; x_wconf 88' lang='lat' dir='ltr'>superius</span> <span class='ocrx_word' id='word_1_440' title='bbox 780 2436 926 2484; x_wconf 88' lang='lat' dir='ltr'>Caput</span> <span class='ocrx_word' id='word_1_441' title='bbox 946 2439 1000 2480; x_wconf 82' lang='grc' dir='ltr'>Π.</span> <span class='ocrx_word' id='word_1_442' title='bbox 1018 2437 1068 2475; x_wconf 93' lang='lat' dir='ltr'>In</span> <span class='ocrx_word' id='word_1_443' title='bbox 1079 2436 1320 2485; x_wconf 88' lang='lat' dir='ltr'>Triangulo</span> <span class='ocrx_word' id='word_1_444' title='bbox 1338 2439 1485 2484; x_wconf 87' lang='lat' dir='ltr'>itaque</span> <span class='ocrx_word' id='word_1_445' title='bbox 1503 2436 1536 2474; x_wconf 91' lang='lat' dir='ltr'>B</span> <span class='ocrx_word' id='word_1_446' title='bbox 1546 2437 1585 2473; x_wconf 94' lang='lat' dir='ltr'>A</span> <span class='ocrx_word' id='word_1_447' title='bbox 1595 2435 1644 2477; x_wconf 83' lang='lat' dir='ltr'>C.</span> <span class='ocrx_word' id='word_1_448' title='bbox 1663 2438 1765 2482; x_wconf 85' lang='lat' dir='ltr'>quia</span> 
     </span>
    </p>
   </div>
   <div class='ocr_carea' id='block_1_14' title="bbox 114 2486 1764 2582">
    <p class='ocr_par' dir='ltr' id='par_1_18' title="bbox 114 2486 1764 2582">
     <span class='ocr_line' id='line_1_45' title="bbox 114 2486 1763 2579; baseline 0.001 -55"><span class='ocrx_word' id='word_1_449' title='bbox 114 2486 195 2525; x_wconf 83' lang='lat' dir='ltr'>BA</span> <span class='ocrx_word' id='word_1_450' title='bbox 211 2488 266 2526; x_wconf 86' lang='lat' dir='ltr'>est</span> <span class='ocrx_word' id='word_1_451' title='bbox 282 2489 671 2537; x_wconf 89' lang='lat' dir='ltr'>Complementum</span> <span class='ocrx_word' id='word_1_452' title='bbox 688 2490 1009 2528; x_wconf 89' lang='lat' dir='ltr'>Declinationis</span> <span class='ocrx_word' id='word_1_453' title='bbox 1025 2490 1258 2538; x_wconf 91' lang='lat' dir='ltr'>superioris</span> <span class='ocrx_word' id='word_1_454' title='bbox 1271 2490 1440 2537; x_wconf 88' lang='lat' dir='ltr'>Capitis</span> <span class='ocrx_word' id='word_1_455' title='bbox 1462 2493 1494 2533; x_wconf 81' lang='grc' dir='ltr'><strong><em>Π</em></strong></span> <span class='ocrx_word' id='word_1_456' title='bbox 1519 2490 1561 2527; x_wconf 93' lang='grc' dir='ltr'>Ρ.</span> <span class='ocrx_word' id='word_1_457' title='bbox 1575 2490 1636 2527; x_wconf 88' lang='grc'>57.</span> <span class='ocrx_word' id='word_1_458' title='bbox 1652 2487 1763 2579; x_wconf 34' lang='lat' dir='ltr'>[Cla.</span> 
     </span>
     <span class='ocr_line' id='line_1_46' title="bbox 217 2550 1764 2582; baseline -0.004 -7"><span class='ocrx_word' id='word_1_459' title='bbox 217 2550 267 2575; x_wconf 77' lang='lat'>24·</span> <span class='ocrx_word' id='word_1_460' title='bbox 1757 2571 1764 2582; x_wconf 59' lang='lat'>‚</span> 
     </span>
    </p>
   </div>
  </div>
 </body>
</html>
