2243 3225
360 216 428 253 218
736 210 1189 250 ASTRONOMIAE
1211 208 1632 247 INSTAURATAE

359 321 485 367 Spica
502 326 549 367 ΠΡ
567 317 796 356 demensus
811 317 917 361 sum,
938 323 1044 364 part.
1063 317 1124 354 87.
1145 315 1168 363 l.
1187 316 1244 355 δὲ.
1267 315 1402 362 quue
1418 320 1511 352 tum
1532 315 1803 362 potissimum,
1825 315 2004 362 quando

359 374 485 420 Spica
502 378 549 419 m>
566 383 701 419 prope
719 371 1021 408 Meridianum
1036 369 1298 412 versabatur,
1320 369 1436 406 Aere
1458 368 1660 405 existente
1676 368 1918 406 admodum
1933 368 2004 406 de-

358 426 523 468 faecato,
541 436 596 462 ne
613 422 875 461 Refractioni
891 422 1073 460 senfibili
1089 422 1283 460 obnoxia
1299 421 1420 459 foret.
1441 420 1509 459 Sic
1526 423 1658 459 etiam
1674 423 1786 459 inter
1803 420 1893 459 Cor
1909 422 1948 466 Ω
1967 421 2005 459 8(

358 478 535 516 Stellam
551 478 665 515 hanc
683 477 900 514 Draconis
916 481 1023 523 part.
1037 475 1099 513 85.
1114 473 1139 522 l.
1152 475 1176 513 9
1192 474 1459 512 intercedere
1478 474 1538 520 (vt
1554 480 1685 512 antea
1701 486 1878 521 quoque
1895 475 2004 512 indi-

358 537 502 569 catum
519 530 590 576 est)
607 530 829 567 adinueni.
847 528 1224 575 Intercapedinem
1241 539 1345 565 vero
1363 527 1502 574 Spicae
1516 526 1553 564 8(
1566 527 1723 565 Cordis
1737 527 1910 570 Leonis,
1927 527 2003 566 ali-
2042 540 2058 565 5

357 586 526 631 quoties
547 583 751 621 Sextante
767 582 1071 619 Astronomico
1092 580 1276 619 fideliter
1296 580 1506 618 scrutatus
1525 580 1620 618 sum
1640 586 1747 628 part.
1765 581 1827 619 54.
1844 583 1950 618 min.
1967 581 2004 625 2,

357 637 425 674 vel
445 636 473 674 fi
494 638 625 674 nimis
645 634 888 683 scrupulose
910 636 1061 672 omnia
1081 636 1304 677 rimemur,
1325 633 1442 671 sexta
1457 635 1587 671 vnius
1607 635 1764 671 minuti
1784 640 1906 681 parte
1926 636 2004 672 mi·

357 701 522 732 norem,
544 700 644 736 quae
661 694 808 726 tamen
824 699 936 735 pene
953 698 1133 725 omnem
1149 687 1381 725 oculorum
1396 686 1566 724 sensum
1585 685 1746 735 effugit,
1767 698 1911 734 neque
1932 686 2004 726 hic

357 742 522 789 aliquid
545 744 761 789 importat,
785 741 871 778 fiue
895 741 1114 779 adimatur
1135 739 1222 778 fiue
1243 751 1347 777 non.
1372 740 1436 777 Ex
1458 739 1527 778 his
1548 739 1822 777 Dedomenis
1842 740 2004 778 Latitu-

357 796 503 833 dinem
520 794 660 842 Spicae
677 800 725 842 m>
742 794 1019 841 sequentibus
1035 795 1274 841 ratiocinijs
1289 792 1615 840 patefaciemus.
2045 805 2076 831 ιο

1118 846 1167 884 In
1176 846 1260 884 hoc
1269 848 1469 894 proxime
1478 845 1682 893 sequente
1691 845 2004 884 Schematismo

2230 490 2235 518 ι

683 883 714 927 P
1072 901 1343 947 concipiatur
1362 899 1394 937 Ρ
1415 899 1546 937 Polus
1570 899 1802 947 Eclipticae‚
1827 899 2004 947 eiusque

1071 955 1319 1000 portionem
1345 952 1542 1000 aliquam
1565 952 1841 1000 repraesentet
1860 953 2004 991 Arcus

1072 1006 1113 1043 D
1122 1006 1207 1044 EF.
1224 1006 1265 1043 A
1277 1005 1324 1044 fit
1336 1006 1426 1044 Cor
1438 1006 1611 1050 Leonis,
1628 1017 1704 1053 per
1716 1008 1840 1044 cujus
1856 1006 2003 1044 locum

1071 1059 1300 1097 descendat
1310 1071 1332 1097 e
1342 1059 1449 1097 Polo
1459 1058 1590 1106 vsque
1602 1061 1648 1097 in
1658 1058 1912 1106 Eclipticam
1922 1060 2002 1097 Ar·
2045 1072 2075 1097 15

1071 1124 1146 1150 cus
1158 1112 1233 1150 PA
1241 1112 1295 1150 D.
1311 1112 1345 1150 B
1358 1112 1633 1160 repraesentet
1646 1112 1826 1151 Stellam
1837 1112 2003 1151 Draco-

1071 1168 1151 1210 nis,
1164 1165 1219 1204 ad
1232 1177 1367 1213 quam
1379 1167 1511 1203 etiam
1521 1177 1548 1203 a
1557 1165 1664 1203 Polo
1675 1165 1863 1204 transeat
1871 1165 2003 1213 vsque

1070 1221 1116 1256 in
1128 1219 1383 1266 Eclipticam
1393 1220 1534 1256 Arcus
1546 1219 1618 1256 PB
1627 1219 1672 1257 E.
1691 1218 1728 1257 C
1739 1230 1845 1257 vero
1856 1218 1903 1257 fit
1914 1218 2004 1267 ipsa

1071 1271 1199 1320 Spica
1212 1278 1273 1320 m),
1289 1274 1413 1310 cuius
1425 1272 1550 1310 Latit.
1564 1271 1885 1320 inuestigamus‚
1902 1283 2003 1320 quae

1070 1331 1160 1363 tam
1172 1325 1279 1363 Polo
1292 1325 1511 1373 Eclipticae
1524 1321 1538 1375 ΙΙ
1550 1337 1685 1372 quam
1697 1326 1885 1363 assumtis
1897 1325 2003 1364 dua·
2027 1331 2093 1364 216

1070 1378 1151 1417 bus
1164 1378 1318 1423 Stellis,
1330 1390 1407 1426 per
1418 1379 1561 1416 Arcus
1574 1378 1855 1417 Circulorum
1865 1380 2003 1417 maxi-

1071 1443 1248 1470 morum
1264 1432 1481 1480 copulata,
1499 1431 1775 1480 intelligatur.
1793 1431 1878 1470 His
1894 1443 2003 1480 prae-
2233 1434 2240 1670 1

1070 1484 1246 1529 structis,
1262 1485 1576 1523 considerando
1587 1487 1780 1533 primum
1790 1484 2003 1534 Triangu-

363 1552 400 1591 Α
1070 1539 1164 1576 lum
1184 1539 1318 1583 PBA,
1339 1539 1411 1577 vbi
1433 1538 1593 1576 dantur
1613 1539 1702 1576 duo
1725 1538 1883 1577 Latera
1903 1549 2004 1576 cum

368 1671 404 1703 D
422 1566 803 1709 ι,
832 1646 984 1696 Α..
999 1619 1028 1654 »—
1071 1590 2003 1693 735353325’333552hffizaffiffizssfiss
2041 1603 2075 1629 ²⁵

996 1679 1025 1716 C
1072 1699 1230 1737 cordis
1246 1700 1304 1743 g).
1322 1698 1394 1736 PB
1411 1699 1565 1746 part.5.
1580 1696 1605 1746 s.
1619 1698 1672 1736 14.
1687 1696 1730 1746 ss.
1743 1699 1780 1742 7,
1798 1697 2003 1746 Comple-

354 1757 552 1788 mentum
565 1752 825 1789 Latitudinis
837 1751 981 1790 Stellae
994 1751 1225 1790 Draconis.
1243 1752 1446 1800 Angulus
1458 1751 1569 1789 APB
1582 1757 1689 1799 part.
1702 1751 1764 1790 32.
1778 1750 1803 1799 Ι.
1816 1751 1879 1790 34.
1893 1750 1937 1799 ll.
1950 1751 2004 1796 lO,
2231 1771 2238 1796 ι

355 1815 407 1841 ex
428 1804 672 1843 differentia
694 1805 996 1853 Longitudinis
1014 1805 1171 1843 Cordis
1192 1807 1231 1850 <Q
1255 1804 1292 1842 8(
1309 1805 1454 1843 Stellae
1475 1805 1694 1843 Draconis
1714 1811 1856 1843 notus.
1877 1805 2004 1843 Vnde
2228 1819 2237 1854 ς

355 1869 376 1895 e
400 1857 740 1906 Triangulorum
766 1860 1016 1906 ratiocinijs,
1043 1858 1384 1896 manifestabitur
1410 1861 1542 1896 etiam
1567 1860 1743 1896 tertium
1765 1858 1899 1896 Latus
1922 1858 2004 1896 ΒΑ
2042 1869 2077 1895 30

354 1917 460 1957 part.
478 1911 539 1949 85.
560 1910 584 1959 l.
602 1911 637 1949 8.
657 1910 699 1959 ll.
717 1912 780 1955 59,
805 1911 1049 1950 distantiam
1073 1911 1231 1950 Cordis
1256 1913 1295 1957 <Q
1323 1924 1349 1950 a
1370 1911 1503 1950 Stella
1526 1911 1601 1950 illa
1624 1911 1843 1950 Draconis
1865 1913 2004 1950 mani-

355 1964 521 2008 festans,
544 1976 644 2002 cum
665 1964 754 2012 ipsa
773 1964 1090 2003 Obseruatione
1112 1965 1308 2012 superius
1329 1971 1553 2008 annotata,
1575 1965 1687 2003 adeo
1708 1964 1883 2013 praecise
1903 1976 2004 2003 con-

354 2030 524 2065 gruens,
546 2024 588 2055 vt
610 2018 758 2056 saltem
779 2021 957 2055 vnicum
978 2018 1229 2066 scrupulum
1252 2018 1504 2061 secundum,
1528 2018 1646 2066 quod
1670 2017 1843 2066 prorsus
1866 2017 1921 2056 est
1941 2020 2005 2056 in-

355 2071 557 2113 senfibile.
575 2071 847 2109 desideretur.
866 2072 928 2109 Ex
945 2072 1081 2109 tribus
1095 2071 1268 2119 insuper
1280 2071 1471 2109 eiusdem
1483 2071 1710 2119 Trianguli
1722 2073 1812 2110 iam
1824 2073 2005 2120 cognitis

355 2124 592 2167 Lateribus,
611 2125 812 2172 Angulus
829 2125 944 2162 ΡΑΒ
962 2125 1185 2162 innotescit
1198 2125 1240 2162 P.
1253 2125 1289 2162 2.
1305 2124 1329 2172 l.
1343 2125 1404 2163 49.
1420 2124 1462 2172 ll.
1476 2125 1538 2163 38.
1557 2125 1691 2163 Porro
1708 2126 1753 2162 in
1764 2124 2005 2173 Triangulo
2043 2136 2077 2161 35

356 2177 494 2219 ΒΑΕ,
519 2180 731 2224 quoniam
753 2180 904 2215 omnia
926 2178 1118 2215 constant
1141 2178 1308 2220 Latera.
1333 2190 1386 2216 ex
1410 2178 1507 2225 ipfis
1528 2178 1762 2216 Stellarum
1785 2177 2005 2226 distantijs,

355 2242 429 2277 per
452 2230 789 2268 obseruationes
811 2233 992 2268 minime
1015 2232 1169 2269 dubias
1191 2232 1357 2269 caelitus
1379 2231 1652 2279 conquifitas.
1675 2243 1785 2278 quas
1805 2231 1860 2269 ab
1881 2232 2006 2269 initio

355 2284 559 2325 indicaui,
577 2284 778 2331 Angulus
795 2284 922 2322 ΒΑΕ
940 2296 1020 2321 nos
1037 2296 1127 2321 non
1146 2284 1332 2332 effugiet.
1350 2292 1456 2332 part.
1470 2285 1532 2323 89.
1547 2283 1572 2331 l.
1585 2285 1647 2322 56.
1663 2283 1706 2331 ll.
1719 2284 1782 2322 40.
1800 2284 2005 2332 Denique

355 2338 398 2373 in
411 2336 649 2383 Triangulo
667 2337 738 2373 ΡΑ
749 2337 798 2378 C.
817 2339 1038 2384 cognitum
1056 2337 1109 2374 en
1124 2338 1256 2375 Latus
1274 2338 1346 2375 ΡΑ
1359 2345 1466 2385 part.
1479 2338 1541 2376 89.
1557 2337 1581 2383 l.
1594 2338 1656 2375 33.
1672 2337 1714 2384 ll.
1728 2337 1790 2380 30.
1808 2349 1861 2375 ex
1874 2337 2005 2376 Com·

355 2390 574 2436 plemento
587 2390 783 2427 videlicet
798 2390 1056 2428 Latitudinis
1070 2390 1226 2428 Cordis
1240 2391 1412 2432 Leonis.
1431 2391 1468 2428 &
1486 2391 1570 2429 CA
1588 2403 1640 2428 ex
1657 2391 1854 2429 distantia
1866 2390 2006 2438 Spicae
2045 2402 2078 2428 ⁴0

355 2442 390 2479 &
405 2442 560 2480 Cordis
578 2450 682 2489 part.
697 2444 757 2480 54.
773 2442 797 2488 l.
811 2444 846 2484 2.
865 2450 991 2490 prout
1008 2450 1138 2481 antea
1156 2456 1332 2491 quoque
1351 2445 1537 2482 relatum
1554 2444 1620 2482 en.
1639 2444 1842 2492 Angulus
1857 2450 2006 2482 autem

355 2495 421 2532 his
439 2496 663 2533 Lateribus
681 2498 942 2543 interceptus
956 2496 1028 2533 PA
1038 2496 1087 2538 C.
1106 2508 1158 2534 ex
1175 2498 1347 2535 duobus
1359 2498 1546 2545 Angulis
1558 2497 1674 2535 ΡΑΒ
1687 2497 1724 2535 &
1737 2496 1865 2535 ΒΑΕ
1881 2496 2006 2535 fimul

1746 2549 2005 2598 compositis.
