2164 3246
408 210 1067 250 PROGYMNASMATUM
1089 212 1293 251 PRIMA
1314 213 1464 252 PARS
1696 215 1763 253 137

32 326 90 359 125
641 317 967 356 EXEMPLVM
989 318 1239 357 PRIMVM.

191 387 324 427 NNO
342 387 449 432 1596,
467 387 579 436 Iunij
594 388 663 426 die
675 388 738 427 28.
752 389 810 427 H.
824 390 868 427 ll.
882 389 945 427 M.
959 390 1003 427 11.
1017 401 1070 427 ex
1082 392 1260 428 inventa
1273 390 1499 429 altitudine
1513 391 1763 430 Meridiana

234 441 374 480 Lunae
390 441 427 479 4.
443 441 487 479 P.
504 441 567 480 53.
587 440 612 489 l.
630 442 737 480 dum
752 454 882 480 verus
903 442 1025 480 locus
1046 443 1185 481 Lunae
1207 444 1299 481 esset
1320 444 1355 481 4.
1374 444 1415 481 P.
1433 445 1495 482 49.
1515 444 1539 492 l.
1562 451 1601 487 z.
1626 447 1763 492 patuit

115 495 318 534 Latitudo
340 494 431 533 visa
452 495 489 532 4.
510 495 554 533 P.
575 495 638 533 44.
663 493 706 543 l.:
731 495 847 534 Vera
870 502 1018 534 autem
1042 508 1095 534 ex
1119 496 1287 534 calculo
1310 500 1511 544 provenit
1533 499 1568 535 4.
1591 498 1632 535 P.
1656 498 1717 536 58.
1737 497 1762 545 Ι.

63 563 79 589 5
114 548 177 588 20.
195 546 239 597 ΙΙ.
257 548 436 587 Harum
451 547 699 586 differentia
715 548 891 587 exhibet
907 548 1212 588 refractionem
1229 550 1453 597 quaefitam
1470 552 1522 588 14.
1542 550 1566 597 l.
1585 551 1646 589 20.
1667 550 1708 598 ll.

593 664 920 702 EXEMPLVM
941 664 1288 703 SECVNDVM.

192 734 325 774 NNO
342 734 450 779 1587,
466 735 579 783 Aug.
597 735 666 773 die
682 735 718 773 4.
737 735 796 773 H.
812 735 849 774 9.
866 735 909 773 P.
925 735 988 773 M.
1007 747 1060 773 ex
1076 737 1255 773 inventa
1270 736 1497 774 altitudine
1515 737 1765 774 Meridiana

231 789 285 827 15.
302 788 346 826 Ρ.
363 789 390 826 1.
409 786 449 836 1.,
466 800 568 827 cum
583 800 714 827 verus
730 788 853 827 locus
870 789 1010 827 Lunae
1027 789 1120 827 esset
1137 789 1172 827 7.
1190 789 1232 826 P.
1250 789 1303 827 31.
1324 788 1348 836 l.
1366 789 1428 827 40.
1448 788 1490 837 ll.
1513 795 1537 829 z
1558 790 1709 827 obtulit
1726 790 1765 827 se

116 841 319 881 Latitudo
339 840 429 880 visa
449 842 485 880 5.
503 842 546 880 P.
568 842 622 880 14.
641 840 666 890 l.
688 842 752 880 49.
771 840 814 890 ll.
837 842 953 880 Vera
974 848 1122 880 autem
1144 843 1179 880 5.
1198 842 1239 880 P.
1260 842 1295 880 6.
1315 841 1339 890 l.
1363 842 1623 881 Differentia
1644 854 1766 880 mon-

51 909 82 935 ιο
117 895 214 934 strat
229 892 552 934 Refractionem
568 895 795 943 quaefitam
810 896 846 934 8.
866 894 892 943 Ι.
909 896 972 934 49.
991 894 1003 943 l
1010 894 1021 943 Ι
1028 926 1035 933 .

118 1030 355 1077 BREVIS
375 1030 462 1076 ET
482 1031 878 1077 SVCCINCTA
900 1031 1101 1075 RATIO
1127 1031 1513 1076 ECLYPSIVM
1540 1031 1764 1076 SVPPV-

288 1099 651 1145 TANDARVM,
673 1100 752 1138 EX
772 1100 932 1139 SOLIS
953 1100 1151 1138 FERME
1172 1100 1422 1139 TABULIS
1443 1100 1595 1139 HUIC

700 1162 895 1201 CAPITI
916 1162 1188 1201 INSERTIS.

217 1231 244 1264 1.
270 1231 362 1264 PRO
377 1231 691 1264 TEMPORIBUS
708 1231 979 1263 MEDIARVM
998 1231 1325 1263 SYZYGIARUM
1345 1231 1396 1262 IN
1414 1231 1669 1269 DELIQUIIS

52 1291 82 1318 1⁵
580 1285 918 1318 LUMINARIUM
936 1285 1306 1323 PERQUIRENDIS.

213 1349 556 1398 IRCATempus
564 1349 760 1388 instantis
769 1350 956 1389 alicuius
967 1350 1159 1397 deliquii,
1172 1355 1218 1387 ut
1229 1355 1328 1397 pote
1339 1349 1394 1387 ad
1404 1348 1638 1386 Meridiem
1648 1354 1766 1386 ante-

227 1403 418 1442 cedentis
434 1403 504 1442 vel
519 1403 737 1451 sequentis
753 1404 839 1442 diei
855 1403 1092 1451 [implicem
1108 1408 1277 1441 motum
1297 1403 1325 1447 J)
1343 1414 1368 1440 a
1388 1404 1430 1446 Θ
1451 1413 1648 1449 excerpe:
1667 1412 1766 1448 quae

117 1455 148 1495 fi
158 1454 307 1496 exacte
319 1457 532 1495 circulum
545 1457 841 1505 compleverit,
858 1457 1051 1495 mediam
1072 1460 1106 1500 0‘
1118 1468 1125 1494 :
1143 1456 1204 1494 sin
1215 1467 1320 1494 vero
1332 1455 1662 1497 semicirculum,
1680 1466 1767 1492 me-

118 1509 237 1550 diam
255 1507 300 1560 00
318 1510 494 1555 indicat,
515 1516 743 1549 momento
763 1512 972 1558 temporis
993 1509 1168 1558 praecise
1185 1509 1604 1556 correspondentem.
1628 1507 1767 1545 Caete-

50 1575 84 1602 zo
118 1575 229 1609 rum,
246 1575 348 1603 cum
363 1563 448 1602 hoc
463 1575 565 1603 raro
581 1564 825 1603 admodum
837 1566 1069 1612 contingat,
1087 1562 1424 1601 confiderandus
1437 1561 1491 1599 est
1503 1562 1688 1599 excessus
1699 1560 1768 1598 vel

119 1615 309 1657 defectus
330 1616 460 1666 supra
480 1617 694 1656 circulum
714 1617 784 1656 vel
807 1617 1139 1660 semicirculum,
1162 1616 1281 1664 isque
1302 1618 1348 1653 in
1368 1620 1538 1653 motum
1561 1615 1767 1652 diurnum

118 1669 355 1719 [implicem
366 1671 506 1709 Lunae
518 1682 545 1709 a
560 1673 603 1716 Θ
618 1671 804 1720 logistice
821 1671 1154 1718 dispartiendus:
1171 1670 1252 1707 Vel
1268 1668 1451 1707 faciliori
1468 1668 1612 1711 modo,
1630 1669 1766 1714 ingre-

119 1723 220 1763 dere
236 1735 338 1763 cum
354 1723 467 1764 dicto
484 1725 648 1763 excessu
660 1725 730 1763 vel
742 1723 911 1763 desedtu
923 1724 1095 1762 tabulas
1106 1723 1234 1770 supra
1245 1722 1401 1770 pofitas
1417 1721 1617 1768 simplicis
1630 1721 1767 1758 Lunae

119 1788 147 1816 a
161 1776 274 1823 Sole,
292 1777 330 1816 &
345 1789 373 1817 a
387 1778 523 1817 latere
540 1790 724 1826 excerpe
741 1778 833 1816 dies
850 1777 888 1816 &
904 1778 1036 1815 horas
1057 1776 1257 1824 scrupula
1277 1787 1356 1823 pro
1377 1787 1422 1813 re
1443 1781 1546 1812 nata
1567 1774 1768 1812 addenda

51 1842 85 1869 2⁵
120 1830 190 1870 vel
203 1830 498 1870 subtrahenda
513 1834 700 1880 tempori
716 1832 938 1879 assumpto,
956 1837 1002 1869 ut
1019 1836 1209 1878 emergat
1225 1836 1396 1876 tempus
1413 1828 1570 1866 mediae
1587 1827 1768 1875 syzygiae

120 1884 428 1924 Luminarium
444 1884 648 1933 quaefitae.
672 1885 774 1932 Quo
791 1887 983 1929 invento,
1001 1895 1150 1931 quaere
1168 1895 1221 1921 ex
1238 1881 1583 1929 competentibus
1599 1880 1769 1918 Medio-

120 1949 219 1976 rum
229 1943 433 1977 motuum
443 1938 626 1977 Tabulis
637 1939 693 1977 ad
705 1938 823 1977 idem
834 1944 924 1976 tam
940 1936 1027 1982 (3¹⁵,
1045 1949 1180 1984 quam
1196 1937 1253 1981 ΒΞ
1266 1935 1550 1977 anomaliam,
1568 1945 1658 1971 una
1670 1944 1769 1970 cum

120 1990 381 2030 Latitudinis
399 1992 429 2037 ))
445 1997 570 2031 motu
585 1992 778 2040 fimplici,
796 2003 896 2039 quae
911 1991 966 2029 ad
978 1991 1172 2038 Tempus
1184 2000 1300 2027 verae
1317 1992 1350 2031 0‘
1366 1994 1440 2026 aut
1455 1985 1499 2036 (ξ)
1515 1986 1768 2034 cognoscen-

120 2043 227 2083 dum
241 2044 526 2084 reserventur.

53 2125 87 2153 ³⁰
594 2116 767 2156 RATIO
790 2113 1300 2155 COMPENDIOSIOR.

218 2186 562 2227 ONSTITUTA
582 2187 714 2227 semel
735 2187 819 2226 hoc
840 2187 973 2225 modo
993 2185 1174 2233 Epocha
1193 2185 1354 2231 aliqua,
1380 2187 1414 2226 0‘
1426 2182 1456 2207 ni
1474 2183 1542 2220 vel
1562 2179 1605 2231 ΕΡ
1626 2181 1770 2219 Lumi-

226 2242 402 2280 narium
412 2244 715 2285 conveniente,
728 2241 854 2280 facile
865 2240 1020 2278 eadem
1031 2250 1083 2277 ex
1093 2239 1286 2286 sequenti
1297 2237 1455 2275 tabella
1468 2236 1771 2284 synodicarum

122 2293 450 2333 revolutionum
475 2295 531 2334 ad
556 2294 839 2343 quascunque
866 2294 975 2332 alias
1000 2294 1224 2340 proximas
1248 2290 1446 2338 Eclypses
1469 2289 1555 2327 fine
1579 2287 1771 2325 molestia

122 2352 380 2396 prorogatur
404 2353 536 2396 atque
562 2349 807 2396 adaptatur,
834 2347 872 2385 &
897 2353 1042 2385 motus
1066 2357 1156 2384 una
1181 2344 1461 2392 perquirendi
1487 2340 1770 2380 innotescunt.

54 2409 88 2437 3⁵
123 2399 306 2446 Etenim,
327 2401 358 2439 fi
378 2401 691 2440 Revolutiones
712 2404 823 2439 inter
844 2400 1071 2448 Epocham
1094 2398 1131 2436 &
1152 2397 1407 2445 praesentem
1428 2395 1623 2443 Eclypfin
1645 2396 1769 2430 inter-

123 2452 263 2502 lapsas
282 2454 510 2504 diligenter
530 2455 882 2498 consideraveris,
905 2455 1103 2492 invenies
1120 2454 1245 2499 juxta
1266 2450 1346 2488 has
1368 2453 1412 2487 in
1433 2449 1574 2486 nostra
1593 2446 1771 2484 Tabella

42 2510 102 2544 126
124 2505 229 2552 dies,
250 2507 414 2553 Horas,
436 2508 616 2547 Minuta
635 2520 686 2547 ac
707 2507 908 2551 secunda,
926 2503 940 2557 ΙΙ
957 2517 1048 2544 una
1064 2517 1164 2543 cum
1181 2503 1526 2551 competentibus
1546 2501 1630 2538 suis
1649 2500 1770 2588 mgti-

233 2568 264 2594 ιε
1721 2562 1771 2587 us
