2243 3225
436 200 503 238 126
810 194 1265 234 ASTRONOMIAE
1285 192 1708 232 INSTAURATAE

570 305 661 350 DE
684 301 1538 408 LATITVDINEEIIZYIEAEXERA
1560 301 1650 346 EX
1669 301 1949 347 TABVLIS
2107 317 2166 350 114

516 445 557 482 D
574 450 745 491 tempus
761 441 1040 490 propofitum,
1058 441 1113 479 ad
1130 441 1249 488 quod
1265 441 1511 489 Longitudo
1534 441 1562 485 D
1581 440 1812 488 supputata
1829 440 1896 485 est,
1914 440 2080 480 habeas

555 499 600 534 in
624 501 800 544 promtu
825 495 1085 533 Latitudinis
1110 499 1281 532 motum
1306 493 1570 541 Simplicem,
1597 493 1635 531 8(
1659 506 1811 532 veram
1836 494 2080 532 distantiam

433 552 751 593 Luminarium‚
777 560 867 586 una
892 559 992 585 cum
1015 546 1376 594 Prosthaphaerefi
1399 547 1539 585 Lunae
1564 547 1772 591 absoluta,
1799 558 1934 594 quam
1954 548 2080 595 juxta
2116 562 2132 588 5

431 604 657 642 titulorum
678 602 990 640 indicationem
1011 600 1164 638 Medio
1181 600 1442 638 Latitudinis
1459 600 1605 638 Motui
1625 600 1775 645 addas,
1796 600 1866 638 vel
1886 600 1988 638 inde
2009 600 2080 639 de-

431 668 539 701 mas,
561 661 606 694 ut
622 667 777 693 verum
793 655 1003 692 obtineas.
1028 653 1201 691 Deinde
1222 665 1324 691 cum
1339 665 1444 692 vera
1459 653 1674 692 Distantia
1690 655 1719 699 (ζ
1738 653 1776 691 8(
1797 655 1840 698 Θ
1860 665 1914 691 ex
1930 653 2081 692 tabula

431 711 574 758 priore
600 720 781 755 excerpe
805 707 1020 754 Scrupula
1044 706 1392 754 proportionalia
1417 718 1518 754 quae
1544 707 1806 745 asserventur
1829 706 1867 744 &
1889 706 2080 754 prostha-

432 762 645 810 phaeresm
657 762 889 804 nodorum,
901 765 1031 808 prout
1041 760 1153 797 tituli
1161 760 1275 798 Add.
1285 760 1355 798 vel
1366 759 1484 798 Subt.
1498 762 1738 807 requirunt,
1751 759 1863 798 adde
1874 759 1944 797 vel
1955 759 2081 798 aufer

432 828 536 854 vero
557 817 695 853 motui
717 814 989 857 Latitudinis,
1011 818 1057 851 ut
1077 815 1113 851 is
1129 818 1385 860 coaequatus
1402 813 1571 851 evadat.
1593 813 1674 851 Per
1694 813 1813 851 hunc
1833 824 1887 851 ex
1907 813 2078 861 posteri-
2119 827 2148 853 ιο

432 881 506 907 ore
522 868 671 907 tabula
688 867 983 905 Latitudinem
1000 867 1139 904 Lunae
1155 878 1247 904 una
1263 878 1364 904 cum
1381 866 1556 904 Excessu
1578 866 1791 913 (adhibita
1805 866 1972 914 semper
1988 877 2079 904 cor-

431 920 633 966 rectione,
650 921 679 958 fi
695 925 925 968 coaequato
937 922 1075 958 motui
1088 920 1348 958 Latitudinis
1363 919 1565 967 scrupula
1578 919 1856 966 adhaeserint)
1874 921 2080 958 conveni-

432 980 552 1013 enter
577 986 770 1022 excerpe.
803 973 1018 1020 Scrupula
1042 975 1171 1021 igitur
1195 975 1241 1011 in
1267 973 1489 1011 Excessum
1513 973 1805 1020 multiplicatu
1833 973 2080 1020 producunt

430 1033 598 1075 partem
622 1026 998 1075 proportionalem
1019 1026 1257 1064 Latitudini
1281 1026 1449 1074 semper
1469 1026 1731 1070 addendam,
1758 1031 1804 1064 ut
1826 1037 1880 1064 ea
1898 1037 2004 1065 vera
2023 1026 2079 1064 ad

430 1081 545 1119 hanc
556 1081 887 1118 inclinationem
900 1079 1066 1118 Orbitae
1079 1081 1108 1125 (ζ
1123 1079 1162 1117 8(
1174 1079 1393 1127 Eclipticae
1410 1079 1607 1127 prodeat:
1625 1079 1752 1126 Quae,
1770 1091 1828 1118 an
1840 1079 1995 1124 Borea,
2011 1079 2081 1118 vel
2120 1093 2149 1119 1⁵

430 1134 633 1172 Austrina
649 1133 707 1179 fit,
724 1133 799 1181 ipsi
814 1133 927 1171 tituli
943 1135 989 1171 in
1004 1132 1146 1171 fronte
1164 1132 1202 1171 8(
1218 1133 1335 1171 calce
1352 1131 1520 1181 adjecti,
1537 1133 1726 1171 dilucide
1742 1135 1946 1171 innuunt.

952 1230 1191 1269 PRIMVM
1213 1230 1556 1269 EXEMPLVM.

503 1302 636 1341 NNO
654 1302 760 1347 1596,
777 1302 846 1340 die
862 1302 899 1340 4.
917 1302 1125 1350 Ianuarii,
1143 1302 1201 1340 H.
1215 1303 1260 1339 11.
1277 1301 1341 1340 M.
1354 1302 1404 1340 43
1422 1301 1515 1340 Post
1531 1301 1767 1340 Meridiem
1784 1300 2010 1340 observata
2025 1300 2081 1340 est

545 1355 747 1394 Latitudo
769 1357 798 1401 (ζ
818 1355 908 1394 visa
927 1356 963 1394 4.
986 1355 1028 1393 P.
1048 1355 1101 1393 31.
1121 1354 1146 1403 Ι.
1169 1355 1282 1403 Sept.
1305 1355 1391 1394 Cui
1412 1355 1654 1393 Parallaxis
1674 1354 1737 1393 28.
1757 1353 1782 1403 Ι.
1799 1354 1836 1393 3.
1855 1353 1898 1403 ll.
1920 1355 2079 1399 addita,

429 1409 641 1448 constituit
662 1420 814 1447 veram
835 1409 1131 1447 Latitudinem
1151 1409 1187 1447 4.
1210 1409 1252 1447 P.
1273 1409 1336 1447 59.
1358 1407 1383 1456 s.
1405 1408 1442 1447 3.
1463 1407 1506 1457 ll.
1529 1409 1599 1447 Ad
1620 1414 1793 1456 tempus
1812 1414 1963 1446 autem
1982 1419 2079 1456 pro·
2115 1421 2148 1447 20

428 1463 613 1511 politum
634 1468 860 1510 aequatum
881 1462 1096 1510 colligitur
1116 1463 1288 1500 medius
1306 1468 1452 1500 motus
1469 1462 1730 1500 Latitudinis
1745 1461 1782 1500 3.
1800 1461 1840 1500 S.
1857 1462 1893 1500 4.
1911 1461 1954 1500 P.
1971 1461 2034 1500 58.
2053 1460 2078 1510 Ι.

428 1517 491 1554 46.
510 1515 571 1565 ll.;
593 1518 619 1554 a
641 1528 730 1564 quo
752 1515 1135 1563 Prosthaphaerefis
1155 1517 1185 1561 (ζ
1206 1515 1403 1554 absoluta
1423 1516 1459 1554 5.
1477 1515 1519 1553 Ρ.
1539 1516 1575 1553 4.
1595 1514 1620 1563 l.
1638 1515 1692 1553 19.
1711 1514 1754 1563 ll.
1776 1513 1995 1559 subducta,
2016 1526 2079 1554 re-

429 1570 586 1617 linquit
607 1581 762 1607 verum
788 1569 966 1607 Motum
992 1569 1253 1607 Latitudinis
1274 1581 1300 1607 a
1320 1569 1468 1607 medio
1497 1570 1533 1614 Ω
1560 1569 1679 1607 nodo
1700 1569 1736 1606 2.
1756 1568 1795 1607 S.
1818 1568 1881 1607 29.
1903 1568 1946 1606 P.
1967 1568 2030 1607 54.
2053 1566 2078 1616 Ι.

429 1623 491 1662 27.
509 1622 551 1672 ll.
570 1623 742 1661 Deinde
760 1635 860 1661 curn
872 1623 1087 1661 Distantia
1098 1634 1202 1661 vera
1215 1623 1536 1665 Luminarium‚
1554 1634 1654 1670 quae
1672 1622 1727 1660 est
1742 1622 1778 1661 5.
1791 1621 1831 1660 S.
1844 1621 1908 1661 23.
1920 1621 1963 1660 P.
1976 1621 2039 1660 38.
2053 1619 2078 1670 l.

428 1677 464 1714 4.
483 1676 526 1725 ll.
544 1676 763 1725 ingredior
778 1676 986 1715 tabellam
1002 1679 1206 1724 priorem,
1228 1678 1496 1723 invenioque
1515 1675 1716 1723 scrupula
1732 1675 2080 1724 proportionalia
2115 1687 2147 1713 25

428 1730 491 1775 46,
513 1730 775 1773 asservanda,
793 1730 831 1768 8(
848 1729 1242 1777 Prosthaphaerefin
1261 1729 1496 1767 Nodorum
1512 1729 1574 1767 24.
1589 1728 1614 1777 l.
1628 1729 1663 1768 8.
1679 1727 1722 1777 ll.
1739 1728 2079 1767 subtrahendam

429 1795 455 1822 a
470 1795 575 1822 vero
592 1784 852 1821 Latitudinis
868 1789 1004 1827 motu,
1022 1788 1069 1821 ut
1084 1785 1119 1821 is
1136 1788 1402 1830 coaequetur,
1420 1785 1587 1830 eritque
1604 1782 1644 1821 S.
1657 1782 1692 1820 2.
1711 1782 1753 1820 P.
1766 1782 1829 1821 29.
1844 1780 1869 1830 l.
1887 1781 1949 1820 30.
1964 1780 2007 1830 ll.
2025 1782 2078 1820 19.

430 1837 546 1875 Cum
573 1837 657 1874 hoc
684 1839 798 1875 intro
826 1837 1023 1875 tabulam
1049 1837 1322 1879 Latitudinis.
1352 1836 1594 1884 quaerendo
1620 1836 1915 1874 Latitudinem
1943 1834 1981 1873 &
2008 1846 2078 1874 ex·

429 1891 595 1932 cessum.
613 1890 756 1928 debita
773 1889 1040 1929 correctione
1052 1902 1128 1938 per
1140 1896 1309 1937 partem
1321 1889 1697 1937 proportionalem
1709 1888 1837 1933 facta:
1855 1888 1893 1927 8(
1909 1890 2078 1936 reperio

430 1944 724 1981 Latitudinem
740 1944 776 1981 4.
794 1944 836 1981 P.
854 1944 917 1982 58.
937 1942 961 1991 l.
979 1944 1042 1982 28.
1061 1942 1104 1991 ll.
1123 1944 1345 1981 Excessum
1362 1955 1466 1981 vero
1484 1944 1536 1981 19.
1552 1942 1576 1990 Ι.
1594 1943 1630 1981 0.
1646 1941 1688 1990 ll.
1707 1942 1796 1989 Qui
1813 1945 1858 1980 in
1875 1942 2080 1981 aBervata
2115 1953 2148 1979 ³0

429 1996 628 2044 scrupula
639 1997 702 2035 46.
717 1996 760 2045 ll.
779 1997 983 2045 Logistice
1000 1997 1314 2044 multiplicatus
1330 1996 1505 2035 exhibet
1520 1997 1572 2034 14.
1588 1995 1630 2044 l(-
1650 1996 1901 2039 Latitudini,
1918 1997 1980 2034 uti
1996 1995 2080 2034 dic-

429 2056 534 2092 tum,
552 2050 718 2098 semper
734 2051 949 2093 addenda,
966 2057 1012 2089 ut
1029 2062 1081 2088 ea
1098 2050 1295 2089 absoluta
1311 2051 1492 2098 prodeat
1506 2051 1542 2088 4.
1556 2050 1598 2087 P.
1612 2049 1673 2088 58.
1689 2048 1714 2097 l.
1727 2049 1789 2088 43.
1805 2048 1848 2097 ll.
1871 2048 2079 2092 Borealis,

429 2115 529 2151 quae
551 2104 604 2142 ab
627 2103 851 2142 observata
872 2110 1043 2142 tantum
1064 2104 1197 2142 modo
1219 2116 1295 2151 per
1316 2106 1516 2142 trientem
1536 2105 1668 2141 unius
1684 2105 1842 2142 minuti
1859 2102 2079 2151 discrepat,

430 2158 547 2204 quod
565 2157 728 2195 nullius
745 2157 800 2195 est
817 2160 1041 2195 momenti.

908 2255 1242 2293 SECVNDVM
1265 2254 1608 2293 EXEMPLVM.
2115 2263 2148 2291 ³⁵

429 2325 636 2416 NNO
655 2326 760 2367 1587.
781 2326 932 2364 Mense
951 2326 1155 2374 Augusto,
1174 2326 1258 2387 Die
1276 2326 1328 2387 18.
1348 2326 1405 2363 H.
1424 2327 1459 2364 7.
1478 2326 1541 2364 M.
1559 2325 1621 2364 25.
1639 2337 1677 2364 a.
1696 2337 1752 2363 m.
1771 2324 2010 2364 Observata
2025 2322 2080 2385 est

541 2380 568 2422 ))
583 2391 626 2416 m
639 2380 920 2426 quadratura,
934 2379 1101 2417 habens
1115 2380 1409 2417 Latitudinem
1422 2391 1572 2417 veram
1585 2380 1620 2417 5.
1634 2379 1676 2416 P.
1691 2378 1743 2417 13.
1758 2377 1783 2426 l.
1797 2379 1850 2417 15.
1865 2377 1908 2426 ll.
1922 2376 2079 2416 Mend.

430 2431 637 2479 Tempori
655 2439 801 2470 autem
819 2438 996 2480 aequato
1014 2435 1216 2470 convenit
1235 2433 1386 2470 Motus
1405 2433 1664 2470 Latitudinis
1682 2432 1865 2474 medius.
1881 2432 1918 2470 9.
1932 2430 1972 2470 S.
1987 2431 2023 2469 0.
2036 2429 2078 2468 P.

430 2485 492 2523 57.
508 2485 532 2532 l.
547 2486 608 2523 20.
624 2485 666 2533 ll.
686 2486 770 2524 Cui
789 2486 1063 2525 subtrahatur
1081 2485 1464 2533 Prosshaphaerefis
1482 2486 1677 2524 absoluta
1690 2487 1718 2531 4(
1734 2486 1769 2523 4.
1784 2485 1826 2523 P.
1839 2485 1902 2523 40.
1917 2483 1942 2532 l.
1956 2484 2008 2522 14.
2022 2482 2079 2574 [a.
