2243 3225
361 211 438 248 220
735 205 1189 245 ASTRONOMIAE
1211 201 1633 242 INSTAURATAE

360 317 622 353 denotatam.
640 314 751 360 Ergo
769 312 806 350 &
822 311 981 359 Angul.
1000 311 1127 349 BAC
1144 312 1189 348 in
1206 314 1406 357 apertum
1422 309 1566 345 veniet
1582 313 1689 355 part.
1702 308 1765 347 86.
1779 307 1805 357 l.
1817 310 1880 348 57.
1895 308 1938 358 ll.
1950 311 2004 349 41.

358 368 556 406 Tandem
572 378 675 403 vero
693 365 959 403 considerato
975 363 1215 411 Triangulo
1227 363 1301 400 PA
1310 361 1359 404 C,
1376 363 1500 398 cuius
1512 360 1646 399 Latus
1660 361 1734 399 PA
1751 362 1806 400 est
1821 368 1928 410 part.
1941 363 2004 402 83.

360 420 384 468 s.
402 421 463 457 22.
483 418 525 467 ll.
543 420 578 457 8.
602 419 698 462 CA,
720 418 762 455 P.
779 418 842 456 90.
861 416 886 465 l.
903 417 977 456 46}
996 423 1040 454 vt
1060 418 1180 464 prius
1200 417 1350 463 patuit,
1373 413 1411 451 &
1430 414 1634 461 Angulus
1654 414 1723 452 his
1742 417 2006 463 interceptus

358 473 484 515 PAC,
502 484 524 510 e
541 472 712 509 duobus
728 471 840 508 PAB
858 470 895 508 &
912 469 1031 508 ΒΑΕ
1047 470 1180 507 modo
1197 470 1390 515 repertis,
1407 473 1698 514 componatur
1713 473 1821 515 part.
1834 469 1887 507 91.
1904 467 1929 516 l.
1942 470 2005 508 54.

360 525 401 573 (l.
419 526 480 563 23.
507 526 670 562 Idcirco
695 526 870 561 tertium
894 523 1027 561 Latus
1052 524 1235 560 minime
1260 520 1531 569 ignorabitur
1555 526 1662 567 part.
1679 521 1733 559 91.
1757 519 1782 569 l.
1800 522 1862 560 58.
1882 520 1925 570 ll.
1941 523 2005 567 57,
2044 536 2059 562 ⁵

358 579 474 625 quod
491 578 785 625 digressionem
803 577 942 623 Spicae
954 576 1143 623 Virginis
1159 587 1186 613 a
1202 574 1309 612 Polo
1322 573 1541 621 Eclipticae
1553 572 1727 612 Arctico
1743 576 1789 612 in
1805 581 2006 622 apertum

357 632 540 674 deducit,
551 643 577 668 a
587 642 674 677 quo
684 630 847 667 semoto
859 629 1022 667 Circuli
1033 628 1275 676 quadrante
1286 626 1489 665 Latitudo
1499 626 1691 664 eiusdem
1701 627 1858 672 Stellae,
1871 640 2007 676 quam

357 684 676 731 quaerebamus,
696 683 842 721 euadit
858 688 965 730 part.
983 683 1009 720 l.
1030 680 1054 726 l.
1071 681 1134 720 58.
1153 679 1196 729 ll.
1213 681 1264 719 57
1280 679 1497 724 Austrina‚
1519 691 1620 727 quae
1637 691 1738 718 cum
1753 681 1888 728 paulo
1905 687 2006 720 ante

355 740 549 781 inuenta,
561 737 659 774 satis
670 736 876 774 subtiliter
888 735 1085 782 quadrat,
1098 733 1360 772 Differentia
1368 733 1519 771 saltem
1527 733 1745 772 incidente
1754 736 1887 773 trium
1895 734 2006 773 scru-

355 791 564 838 pulorum
579 789 749 827 secund.
768 800 868 836 quae
884 788 1137 826 nullatenus
1154 787 1399 835 reputanda
1414 788 1609 824 veniunt.
2047 801 2078 827 10

409 843 688 890 Quapropter
709 842 1001 889 approbantes
1018 840 1158 889 Spicae
1175 846 1224 889 m>
1241 841 1365 878 Latit.
1383 839 1542 877 Merid.
1558 845 1666 887 part.
1684 841 1710 878 1.
1730 838 1755 888 l.
1772 841 1823 879 59
1844 840 2005 887 exacte,

356 908 382 934 a
398 896 525 943 scopo
542 898 674 943 petito
691 895 801 933 nihil
816 895 990 942 prorsus
1007 894 1125 942 quod
1137 894 1235 932 vllis
1251 893 1439 931 sensibus
1455 892 1637 931 discerni
1651 899 1782 941 queat
1794 893 2006 933 deflexisse

356 946 639 999 argue—ssmur‚
662 949 852 995 Ideoque
874 947 1070 986 adhibita
1086 950 1180 985 eius
1197 947 1505 985 Declinatione
1522 946 1750 995 diligenter
1765 947 2005 993 obseruata,
2030 954 2095 986 218

356 1002 692 1050 Longitudinem
708 1001 901 1049 sequenti
917 999 1169 1039 indudlione
1186 1000 1506 1039 constituemus.

355 1135 434 1172 DE
454 1134 878 1173 LONGITUDINE
900 1134 1082 1173 SPICAE
1103 1140 1165 1183 ΠΡ,
1192 1134 1271 1172 ΕΧ
1291 1133 1459 1171 DATA
1480 1132 1612 1172 EIUS
1631 1133 2003 1173 LATITUDINE
2043 1147 2074 1173 15

692 1197 730 1234 &
751 1196 1206 1235 DECLINATIONE
1227 1195 1664 1234 PRAEFINIENDA.

450 1268 588 1306 IRCA
610 1270 783 1306 initium
804 1269 925 1306 Anni
947 1268 1041 1306 1586
1062 1267 1202 1315 Spicae
1225 1273 1273 1316 1η)
1296 1267 1449 1314 (quam
1467 1266 1654 1305 Aristam
1675 1269 1808 1305 etiarn
1827 1267 2003 1314 vocant)

463 1321 752 1359 Altitudinem
769 1322 880 1359 Mer.
898 1322 1034 1359 tribus
1049 1321 1119 1359 vel
1135 1326 1325 1368 quatuor
1340 1321 1512 1368 magnis
1529 1319 1567 1357 &
1583 1319 1749 1358 affabre
1770 1320 2004 1359 elaboratis

354 1374 588 1417 Machinis,
614 1377 887 1413 minutorum
913 1377 1045 1413 etiam
1069 1373 1373 1422 portiunculas
1399 1373 1610 1421 quasdam
1630 1373 1685 1412 ad
1706 1374 1903 1412 amussim
1925 1374 2002 1412 dis-

353 1428 639 1471 cernentibus,
657 1428 824 1466 caelitus
840 1429 1111 1466 obtinuimus
1122 1428 1165 1466 P.
1178 1428 1240 1466 25.
1255 1426 1280 1475 l.
1293 1427 1329 1466 8.
1344 1425 1388 1475 ll.
1400 1427 1464 1471 55,
1481 1426 1848 1465 consentientibus
1863 1427 2002 1476 singu·
2040 1441 2074 1466 20

352 1481 496 1519 lorum
514 1481 903 1519 Instrumentorum
921 1481 1146 1529 suffragijs.
1169 1481 1374 1528 Cumque
1391 1480 1484 1518 Poli
1500 1480 1620 1518 Altit.
1638 1491 1660 1518 e
1677 1481 2002 1529 circumpolari-

352 1534 432 1572 bus
449 1534 606 1577 Stellis;
628 1535 864 1582 praesertim
880 1546 985 1573 vero
1005 1534 1094 1582 ipsa
1110 1535 1255 1573 Polari
1275 1534 1347 1572 hic
1368 1534 1671 1581 saepenumero
1691 1533 2002 1582 diligentissime

352 1588 592 1625 adinuenta
608 1588 653 1625 fit
670 1588 711 1626 P.
729 1589 791 1626 55.
811 1587 835 1636 s.
853 1589 915 1626 54.
935 1587 978 1636 ll.
995 1589 1058 1632 45,
1080 1594 1124 1626 vt
1145 1588 1199 1626 ob
1221 1588 1263 1626 id
1280 1587 1513 1635 AEquatori
1531 1587 1765 1625 inclinetur
1780 1587 1823 1625 P.
1840 1587 1903 1626 34.
1922 1586 1948 1636 l.
1964 1588 2001 1626 5.

353 1639 395 1688 ll.
423 1642 475 1684 15,
502 1641 635 1679 veluti
661 1641 756 1679 haec
782 1642 891 1680 alias
916 1641 1073 1689 saepius
1098 1641 1289 1679 indicata
1314 1640 1420 1679 sunt.
1452 1640 1621 1679 Euadet
1646 1639 1858 1679 subtradta
1882 1641 2002 1679 Altit.

352 1694 490 1741 Spicae
511 1695 565 1732 ab
588 1695 846 1733 Eleuatione
862 1695 1038 1742 AEquat.
1060 1695 1193 1733 huius
1213 1695 1309 1738 loci,
1331 1694 1453 1732 Decl.
1471 1693 1616 1732 Stellae
1636 1694 1679 1731 P.
1696 1693 1732 1732 8.
1751 1692 1777 1742 Ι.
1793 1694 1856 1733 56.
1875 1693 1919 1742 ll.
1935 1694 1999 1733 20.
2039 1707 2073 1733 25

353 1747 416 1785 Ex
433 1747 515 1785 hac
528 1747 565 1785 &
577 1750 696 1795 prius
712 1751 894 1787 inuenta
910 1749 1171 1791 Latitudine,
1189 1748 1529 1795 Longitudinem
1545 1747 1899 1795 inuestigabimus
1915 1747 1999 1786 hoc

1123 1801 1516 1840 Demonstrationis
1533 1806 1697 1839 tenore.

1176 1855 1225 1893 In
1244 1854 1439 1902 apposita
1455 1854 1746 1902 Figuratione,
1767 1854 2001 1893 assumatur

1121 1908 1263 1946 ΑΜΒ
1289 1907 1517 1955 AEquator.
1549 1907 1590 1945 D
1616 1907 1748 1946 Polus
1773 1909 1867 1946 eius
1891 1908 1999 1946 Ant-

1122 1960 1318 2000 arcticus.
1341 1961 1473 1999 EMF
1493 1961 1539 1999 fit
1560 1961 1780 2008 Ecliptica.
1803 1961 1848 1999 H
1870 1961 2003 2000 Polus
2040 1973 2075 2000 ³0

1123 2228 1244 2270 DIL.
1275 2228 1312 2266 &
1343 2228 1456 2266 alius
1486 2240 1512 2266 a
1542 2228 1648 2266 Polo
1677 2228 1896 2276 Eclipticae
1926 2239 2003 2276 per
2040 2240 2074 2266 35

1123 2283 1309 2320 eandem
1341 2284 1385 2319 in
1415 2281 1530 2319 hanc
1556 2281 1687 2319 HIK.
1718 2280 2002 2319 Manifestum

1123 2335 1188 2377 est,
1211 2335 1329 2382 quod
1352 2335 1409 2372 LI
1431 2334 1475 2372 fit
1494 2334 1742 2372 Declinatio
1759 2333 1912 2382 Spicae.
1935 2334 2001 2373 KI

1122 2399 1226 2425 vero
1244 2388 1435 2426 eiusdem
1449 2388 1665 2430 Latitudo.
1683 2399 1706 2426 e
1723 2388 1882 2435 quibus
1895 2388 2001 2426 dua-

1122 2442 1202 2478 bus
1224 2443 1405 2489 cognitis
1427 2443 1472 2479 in
1494 2441 1797 2489 Longitudinis
1818 2440 1905 2479 fiue
1923 2441 2000 2480 Re-

739 2491 786 2526 H
1123 2496 1330 2532 motionis
1358 2506 1383 2532 a
1412 2494 1596 2532 Solstitio
1624 2495 1693 2532 vel
1718 2493 2001 2542 AEquinoeuo
2040 2507 2074 2532 4ο

1799 2549 2001 2586 notitiam

360 2058 418 2101 ,Α
773 2031 1059 2202 A
1122 2014 2002 2116 lglr-ltlilrsnAgcffilai}{epcrgpgn†e13{ISBpFicigi

1070 2125 1110 2162 Β
1125 2128 1185 2170 1η),
1203 2133 1279 2169 per
1296 2133 1431 2169 quarn
1443 2133 1469 2159 a
1481 2121 1588 2159 Polo
1599 2121 1856 2168 AEquatoris
1872 2121 2002 2160 duca-

375 2195 415 2235 Ε
430 2096 1062 2484 *v
1122 2181 1191 2213 tur
1217 2175 1441 2222 quadrans
1471 2177 1516 2212 in
1546 2174 1686 2222 ipsum
1710 2174 2002 2222 AEquatorem
