2243 3225
407 211 457 248 86
782 204 1235 244 ASTRONOMIAE
1257 202 1678 242 INSTAURATAE

406 327 515 353 mus.
533 313 728 351 Adhibui
740 317 888 349 autem
900 310 955 348 ad
967 310 1082 349 dena
1094 313 1226 348 etiam
1237 312 1408 347 minuta
1418 308 1685 348 subtiliorem
1697 308 2050 353 distributionem,

407 380 458 405 eo
471 366 587 414 quod
601 365 961 403 Declinationum
972 363 1242 407 differentiae,
1260 374 1349 410 quo
1363 362 1418 400 ad
1432 362 1546 400 solos
1561 362 1732 410 gradus,
1749 364 2051 410 proportiona-

405 421 499 458 liter
522 419 561 456 se
585 430 676 456 non
698 417 902 460 habeant,
923 416 952 454 fi
972 416 1276 464 scrupulorum
1296 418 1504 454 minimas
1524 415 1760 463 particulas
1781 426 1933 453 eruere
1953 415 2052 453 vsus

405 472 596 520 postulet.
615 471 728 517 Quae
740 482 845 508 vero
862 472 907 507 in
918 481 1006 507 vno
1020 469 1276 516 Quadrante
1293 468 1404 508 recte
1421 468 1647 507 constituta
1662 468 1770 512 sunt,
1787 468 1966 516 reliquis
1981 469 2051 506 tri-

405 527 484 564 bus
501 526 814 563 conuenienter
830 519 1154 572 applicem-ntur,
1175 523 1309 561 modo
1325 522 1458 570 Signa
1474 521 1512 560 &
1527 522 1687 570 gradus
1705 522 1893 560 eandem
1909 521 2052 559 Decli-
2081 528 2135 560 101

405 581 630 617 nationem
646 577 878 621 sortientia,
896 578 973 614 rite
985 576 1236 614 adinuicem
1248 576 1544 623 disponantur,
1561 575 1696 613 veluti
1706 576 1752 612 in
1763 574 1854 622 ipso
1866 574 2053 613 Canone

405 632 640 679 praestitum
663 630 729 668 est.
754 629 889 668 Potest
913 629 1086 677 insuper
1108 629 1204 667 haec
1228 629 1383 667 eadem
1403 629 1577 667 Tabula
1598 627 1787 666 facilime
1810 628 1866 666 ad
1888 627 2054 676 fingula

406 695 583 732 quoque
599 685 770 722 minuta
787 683 1018 730 Eclipticae‚
1039 694 1116 730 per
1136 682 1429 721 differentiam
1445 682 1568 720 denis
1585 681 1843 729 quibuslibet
1858 682 2053 720 interiec-

405 744 495 776 tam
517 737 736 784 (addendo
753 736 951 774 videlicet
967 738 1173 774 continue
1195 742 1362 784 partem
1379 735 1613 781 decimam)
1634 734 1804 777 resolui,
1821 740 1864 772 vt
1881 734 2054 782 expedi-

405 794 488 829 tior
504 791 550 829 fit
566 802 588 828 e
606 791 707 828 data
723 790 1030 828 Declinatione
1046 789 1130 827 loci
1146 789 1258 828 Solis
1274 789 1587 837 peruestigatio,
1604 788 1674 826 vel
1690 793 1879 826 econtra.
1900 787 2055 826 Talem
2096 795 2126 821 ιο

407 846 538 883 etiarn
554 843 812 891 quotidiano
824 843 916 880 vsui
930 842 1238 880 inseruientem
1250 845 1295 880 in
1307 848 1483 890 promtu
1495 842 1651 885 habeo,
1669 852 1804 889 quam
1815 843 1947 879 nimis
1957 852 2054 889 pro-

406 898 544 936 lixum
561 896 693 935 fuisset
709 896 780 934 hic
797 897 1038 943 expressisse.

459 951 593 988 Porro
616 951 776 988 mutari
800 949 1154 987 Declinationem
1178 951 1432 991 maximam,
1458 948 1495 986 8(
1519 948 1574 986 ob
1597 949 1640 986 id
1663 959 1840 996 quoque
1864 947 2056 995 reliquas

407 1003 699 1047 intermedias,
712 1003 881 1041 diutina
892 1007 1141 1050 temporum
1152 1002 1325 1040 labente
1337 1001 1442 1040 serie
1455 1002 1509 1040 ab
1519 1001 1771 1040 Artificibus
1783 1005 2056 1049 compertum

408 1057 474 1099 est.
488 1057 599 1095 adeo
609 1061 652 1094 vt
661 1067 714 1094 ea
723 1058 836 1094 circa
846 1067 996 1093 aeuum
1007 1055 1327 1094 PTOLEMAEI
1338 1055 1375 1092 &
1385 1055 1553 1102 aliquot
1561 1055 1905 1102 praecedentium
1914 1053 2055 1092 Astro-
2098 1062 2126 1088 ¹⁵

408 1121 645 1148 nomorum
661 1109 789 1147 fuerit
806 1109 847 1146 P.
865 1109 927 1147 23.
947 1107 971 1156 l.
990 1110 1069 1148 5122:
1087 1121 1167 1147 nec
1181 1120 1379 1156 vnquam
1395 1110 1610 1146 maiorem
1626 1107 1958 1155 depraehensam
1968 1107 2057 1145 vllo

408 1169 604 1201 veterum
627 1168 918 1200 monumento
942 1162 1113 1200 constat.
1138 1162 1302 1200 Idcirco
1325 1161 1421 1199 haec
1445 1161 1587 1200 nostra
1606 1161 1778 1200 Tabula
1800 1160 2057 1199 vniuersalis

409 1218 484 1255 esse
501 1218 663 1263 nequit,
685 1215 753 1253 sed
770 1215 872 1253 huic
889 1215 1039 1253 saltem
1055 1215 1212 1253 Seculo
1229 1214 1460 1253 commode
1476 1214 1695 1253 inseruiet:
1718 1215 1788 1253 cui
1804 1214 1986 1262 reliquae
2002 1214 2057 1252 ab

408 1270 505 1318 alijs
520 1270 775 1317 supputatae,
792 1268 1179 1316 praesupponentes
1192 1268 1547 1307 Declinationem
1564 1270 1807 1306 maximam
1823 1267 1865 1306 P.
1882 1267 1945 1305 23.
1965 1265 1989 1314 l.
2007 1267 2058 1305 28

409 1323 652 1370 (deficiente
669 1334 696 1360 a
711 1334 816 1360 vero
832 1324 987 1360 minut.
1004 1322 1067 1368 33)
1089 1324 1236 1360 minus
1253 1322 1482 1369 quadrant.
1505 1321 1573 1360 De
1590 1321 1672 1360 hac
1689 1326 1837 1359 autem
1853 1320 2057 1359 Declina·
2096 1329 2128 1354 20

408 1379 538 1414 tionis
549 1378 805 1419 mutatione,
823 1376 1048 1423 quomodo
1060 1376 1115 1414 ad
1128 1376 1215 1414 alia
1227 1380 1358 1423 atque
1370 1375 1458 1413 alia
1470 1375 1627 1414 Secula
1637 1374 1797 1413 saluari
1808 1375 1938 1422 possit‚
1955 1373 2058 1412 alibi

409 1430 599 1476 (volente
612 1429 752 1475 DEO)
764 1441 912 1467 meam
922 1429 1192 1476 expositurus
1201 1429 1295 1467 sum
1305 1428 1591 1471 Sententiam:
1605 1428 1840 1476 Copernici
1849 1427 2059 1475 liquidem

409 1483 570 1522 subtilis
590 1482 825 1530 speculatio
841 1484 915 1520 vix
936 1482 1007 1520 hic
1029 1482 1250 1520 consistere
1271 1481 1444 1525 valebit.
1465 1481 1693 1529 multoque
1715 1483 1862 1520 minus
1883 1492 1983 1529 quae
2004 1480 2059 1519 ab

410 1537 505 1585 alijs
522 1538 717 1574 intricate
734 1536 905 1583 prodita
921 1535 1027 1574 sunt.
2096 1543 2116 1574 «ι’

452 1617 531 1654 DE
552 1615 1026 1655 ASCENSIONIBUS
1048 1615 1263 1657 RECTIS.
1285 1615 1600 1654 GRADUUM
1622 1613 1960 1658 ECLIPTICAE,
1981 1613 2018 1652 &
2098 1624 2129 1648 25

714 1677 973 1716 TABULAE
995 1678 1209 1716 EARUM
1232 1677 1752 1716 CONSTRUCTIONE.

491 1750 560 1787 ER
587 1750 709 1787 datas
735 1749 1002 1797 singulorum
1027 1749 1243 1797 graduum
1268 1749 1610 1791 Declinationes,
1635 1748 1812 1786 illarum
1833 1749 1964 1786 etiam
1986 1746 2060 1785 As·

490 1802 712 1841 cenfiones
734 1801 875 1840 Rectae
899 1814 990 1840 non
1013 1802 1243 1840 difficulter
1266 1802 1435 1840 calculo
1459 1802 1754 1850 subijciuntur.
1779 1801 1899 1839 Nam
1922 1803 1967 1839 in
1987 1812 2060 1849 ap-

411 1856 544 1904 poslta
566 1857 735 1904 Figura.
757 1855 828 1893 vbi
850 1857 890 1893 A
913 1856 1066 1894 Polum
1089 1856 1267 1894 Zodiaci
1290 1856 1498 1894 Boreum:
1524 1855 1562 1894 O
1587 1855 1831 1898 australem,
1855 1854 1887 1892 P
1906 1854 2062 1892 Polum

412 1910 666 1957 AEquatoris
695 1908 919 1952 artfticum,
956 1909 997 1947 D
1028 1908 1330 1951 antarcticum.
1361 1909 1687 1957 repraesentant:
1724 1908 1927 1947 Circulus
1956 1919 2062 1946 vero
2099 1915 2131 1942 ³⁰

412 1963 584 2001 ABDE
598 1963 815 2001 Colurum
827 1962 1114 2001 Solstitiorum
1131 1963 1169 2001 &
1186 1963 1315 2001 EHB
1329 1963 1595 2010 Eclipticam.
1613 1961 1743 2000 FHC
1755 1961 2061 2009 AEquatorem:

412 2015 548 2054 ductis
574 2017 627 2054 ab
654 2022 836 2063 vtroque
864 2016 1070 2054 Polorum
1096 2017 1151 2054 ad
1177 2016 1382 2063 quaelibet
1412 2015 1629 2064 propofita
1655 2015 1874 2063 Eclipticae
1902 2012 2062 2062 puncta

412 2070 612 2111 arcubus.
630 2069 760 2116 vsque
778 2071 822 2107 in
839 2069 1140 2117 AEquatorem.
1159 2075 1201 2107 vt
1217 2075 1333 2117 patet
1350 2071 1394 2107 in
1411 2069 1500 2117 ipsa
1517 2069 1796 2117 Figuratione
1814 2068 1903 2114 (vbi
1920 2067 1958 2106 Κ
1975 2067 2013 2106 ἃ
2030 2067 2063 2105 L

413 2123 707 2170 intelligantur
724 2123 818 2160 loca
836 2123 1067 2170 Eclipticae.
1085 2135 1275 2170 quorum
1289 2122 1595 2161 Ascenfionem
1614 2120 1789 2160 Rectam
1805 2121 1908 2160 scire
1924 2123 2062 2159 inten-

413 2176 573 2221 dimus)
591 2178 803 2223 quoniam
816 2188 891 2224 per
903 2177 1160 2223 praemissam
1171 2177 1463 2219 traditionem,
1476 2176 1544 2214 vel
1557 2176 1689 2214 huius
1701 2172 1716 2225 ΙΙ
1728 2175 1946 2213 Tabulam
1958 2175 2062 2213 dan-
2091 2180 2148 2213 102

414 2235 480 2266 tur
503 2229 743 2267 eorundem
762 2229 1091 2267 Declinationes
1109 2230 1171 2267 KI
1190 2229 1226 2266 &
1245 2229 1329 2268 GL
1350 2242 1437 2268 vna
1459 2241 1558 2267 cum
1580 2229 1834 2276 obliquitate
1855 2230 2062 2270 maxima.

414 2294 548 2329 quam
574 2282 723 2320 definit
750 2283 951 2330 Angulus
978 2282 1128 2323 BHC.
1156 2283 1223 2320 vel
1251 2283 1393 2324 FHE.
1421 2282 1622 2321 Ascenfio
1649 2281 1777 2320 Recta
1807 2281 1859 2320 fic
1885 2283 2062 2319 eruitur.

415 2336 461 2372 In
479 2335 718 2383 Triangulo
737 2336 851 2372 HKI
871 2334 1136 2383 Rectangulo
1154 2338 1273 2373 iuxta
1293 2336 1320 2377 Ι,
1338 2339 1442 2383 quia
1459 2335 1619 2374 constat
1637 2336 1769 2373 Latus
1787 2335 1892 2376 HK.
1911 2334 2062 2373 distan-

414 2391 470 2426 tia
495 2389 549 2426 ab
574 2388 874 2427 Interfectione
901 2389 1163 2426 circulorum
1190 2396 1355 2431 mutua.
1383 2389 1420 2426 &
1445 2390 1506 2427 KI
1532 2389 1723 2427 eiusdem
1749 2387 1895 2436 puncti
1921 2387 2062 2426 Decli-

415 2444 546 2484 natio.
573 2454 663 2479 non
689 2444 879 2489 ignorari
906 2444 1059 2489 poterit
1086 2443 1155 2479 HI
1183 2442 1383 2480 Ascensio
1411 2442 1538 2481 Red'ta
1565 2445 1608 2480 in
1633 2442 1887 2489 AEquatore.
1913 2441 1968 2480 ab
1993 2452 2063 2479 eo·
2101 2448 2132 2474 ⁴⁰

414 2496 512 2533 dem
535 2495 844 2533 intersectionis
865 2495 962 2533 loco
984 2496 1272 2537 numeranda.
1297 2507 1397 2543 quae
1419 2496 1714 2542 quaerebatur:
1739 2496 1885 2542 Atque
1908 2494 2063 2586 cocleam

1939 2558 1995 2595 pa
2037 2558 2064 2585 o
