2164 3246
367 213 1027 255 PROGYMNASMATUM
1049 217 1251 255 PRIMA
1274 218 1423 256 PARS
1653 219 1719 256 169

75 323 346 372 plementum
357 321 613 359 Altitudinis
629 324 670 364 Q.
684 322 772 366 BC,
784 329 891 370 part.
904 324 966 362 64.
979 326 1083 362 min.
1406 326 1459 369 A

77 376 130 421 12,
146 374 535 423 Complementum
551 374 872 414 Declinationis
888 377 1083 421 Veneris,
1362 373 1598 450 ΑΒ

76 429 189 468 vnde
204 429 395 467 innotuit
410 427 614 476 Angulus
629 429 762 473 ACB,
779 436 886 477 part.
900 430 962 469 35.
981 430 1006 478 l.
1021 431 1084 469 29.
1311 434 1376 482 st

77 482 248 522 Dehinc
269 484 315 520 tn
334 481 576 530 Triangulo
596 481 739 527 DCE,
764 494 864 521 cum
887 490 1017 522 notus
1040 484 1085 522 fit
1383 466 1420 499 Ε

27 550 43 577 ⁵
77 535 277 584 Angulus
296 535 352 573 ad
371 534 421 579 c,
443 534 482 573 ει
502 534 603 579 Dc,
626 533 652 583 s.
669 535 705 573 6.
729 534 772 584 ss.
790 536 852 580 34,
874 536 920 574 fit
940 537 1084 575 Paral-
1207 501 1291 591 l

77 590 186 629 laxis
205 588 478 632 Altitudinis;
501 589 661 637 prodijt
683 600 760 636 per
783 592 1086 637 operationem

77 643 208 682 Latus
225 641 317 687 DE,
335 640 362 690 l.
374 641 411 680 3.
425 640 438 690 Ι
443 640 456 690 Ι
461 641 542 686 .49,
559 641 801 681 Parallaxis
813 643 1086 681 Ascenfionis
1216 601 1393 685 k

78 694 217 735 Rectae
233 695 447 743 requifita.

130 747 391 787 Differentia
409 750 619 796 temporis
639 751 751 787 inter
770 749 1137 788 obseruationem
1158 754 1183 793 Q
1206 763 1231 788 a
1252 752 1310 795 Θ,
1333 750 1370 788 8(
1391 751 1573 789 alteram
1594 763 1619 789 3
1641 751 1722 789 Ca-

14 816 44 843 ιο
78 804 162 852 pite
183 804 218 846 11
239 801 448 847 habitam,
470 801 526 840 est
542 802 653 840 Hor.
671 803 707 841 7.
726 801 751 850 l.
769 803 823 847 13,
845 805 914 841 cui
935 804 988 841 de
1010 804 1134 842 cursu
1150 804 1333 842 Veneris
1354 804 1512 842 diurno
1534 803 1723 851 respec‘lu

78 855 330 905 AEqffltoris
347 855 411 894 29.
423 857 528 894 min.
546 858 752 904 competit
767 863 912 895 motus
928 857 1213 895 intermedius
1231 856 1256 904 l.
1269 857 1304 895 8.
1320 856 1362 905 ll.
1375 857 1438 900 43,
1456 858 1724 905 adijciendus

78 908 327 948 Ascenfioni
338 909 523 947 Veneris
533 911 655 957 prius
666 912 852 957 cognitae
864 921 891 948 a
902 909 1015 955 Sole,
1032 917 1075 948 vt
1091 910 1136 948 fit
1153 911 1208 948 ad
1224 911 1308 948 hoc
1324 917 1507 958 tempus,
1524 910 1724 948 Ascenfio

79 961 207 1002 Recta
224 966 268 1008 Q,
289 962 332 1001 Ρ.
349 962 412 1002 58.
430 961 456 1011 Ι.
474 963 527 1001 19.
546 961 590 1011 ΙΙ.
607 962 643 1007 6,
664 962 719 1001 31)
739 963 823 1001 hac
839 963 1115 1002 subtrahatur
1131 964 1370 1002 Parallaxis
1387 964 1669 1007 Ascenfionis‚
1688 964 1724 1001 &

79 1016 247 1055 residua
261 1018 341 1054 erit
356 1015 560 1054 Ascenfio
576 1014 707 1055 Rec'ta
723 1017 908 1055 Veneris
924 1017 1025 1060 visa,
1042 1017 1085 1055 P.
1098 1017 1160 1056 58.
1180 1016 1205 1064 Ι.
1219 1018 1272 1055 15.
1287 1016 1329 1065 ll.
1343 1018 1395 1055 17.
1414 1017 1531 1055 Huic
1548 1018 1723 1055 adiunc-

16 1083 46 1109 15
79 1075 172 1109 tum
191 1069 419 1108 discrimen
434 1069 742 1108 Ascenfionale
758 1072 870 1108 inter
886 1071 1106 1108 Venerem
1127 1070 1164 1108 &
1185 1070 1365 1108 inferius
1383 1071 1527 1118 Caput
1544 1073 1579 1113 Π
1596 1077 1725 1108 antea

80 1123 346 1172 indagatum,
369 1123 442 1162 dat
461 1123 772 1162 Ascenfionem
794 1122 971 1162 Rectam
994 1124 1301 1162 Meridionalis
1323 1124 1489 1171 Capitis
1508 1127 1561 1167 Π,
1586 1124 1627 1161 Ρ.
1646 1124 1724 1161 109.

82 1175 108 1226 Ι.
119 1177 181 1216 54.
194 1175 238 1225 ΙΙ.
249 1176 313 1216 28.
331 1176 415 1215 Pro
432 1175 705 1215 Refractione
721 1188 840 1221 vero,
858 1189 958 1225 quae
975 1180 1020 1215 in
1036 1177 1112 1215 illa
1128 1177 1369 1215 Altitudine
1386 1177 1592 1215 insinuari
1610 1185 1725 1224 pote·

82 1235 158 1276 rat,
174 1230 353 1278 quando
364 1230 516 1269 Venus
532 1230 587 1269 ab
602 1230 809 1269 inferiore
827 1231 982 1279 Capite
998 1234 1033 1274 Π
1048 1231 1370 1275 obseruabatur,
1388 1231 1603 1268 addantur
1617 1229 1628 1278 l
1635 1229 1659 1277 l.
1673 1231 1725 1271 15.

83 1285 247 1332 eritque
262 1283 486 1322 verificata
501 1286 596 1322 eius
612 1284 815 1322 Ascenfio
832 1283 963 1322 Recta
978 1290 1085 1332 part.
1103 1285 1182 1322 109.
1202 1283 1226 1331 l.
1240 1285 1301 1322 54.
1317 1283 1359 1331 ll.
1372 1284 1434 1321 43.
1452 1284 1520 1322 Ab
1537 1283 1619 1321 hac
1635 1291 1726 1321 tan-

15 1349 49 1376 ω
83 1337 182 1376 dem
195 1336 362 1376 sublata
378 1337 625 1376 differentia
639 1337 938 1376 Ascenfionali
954 1340 1065 1376 inter
1082 1338 1292 1376 Lucidam
1311 1344 1371 1381 V,
1392 1337 1429 1374 8(
1448 1337 1627 1375 inferius
1645 1337 1726 1375 Ca-

82 1395 158 1440 put
171 1393 206 1435 JI
221 1402 275 1429 ex
291 1390 682 1430 Obseruationibus
699 1391 796 1440 alijs
811 1391 910 1430 satis
927 1398 1043 1435 nota,
1061 1392 1103 1429 P.
1120 1391 1182 1430 83.
1202 1390 1226 1439 l.
1244 1392 1306 1429 57.
1326 1389 1368 1438 ll.
1385 1391 1448 1433 20,
1470 1390 1728 1437 relinquitur

82 1443 176 1483 Asc.
192 1443 304 1484 Redi.
321 1444 501 1483 Lucidae
519 1450 580 1489 V,
601 1445 645 1483 P.
662 1445 725 1484 25.
744 1443 770 1493 l.
787 1446 850 1484 57.
869 1444 881 1493 l
887 1444 899 1493 Ι
905 1476 912 1483 .
929 1445 992 1488 23,
1015 1457 1115 1493 quae
1137 1445 1425 1492 quaerebatur.
1448 1444 1502 1481 Vt
1522 1450 1669 1482 autem
1691 1443 1727 1480 8(

83 1497 177 1536 haec
196 1497 399 1537 Ascenfio
419 1497 550 1537 Recta
570 1499 626 1537 ad
646 1499 832 1537 Annum
853 1498 1009 1537 Christi
1032 1498 1125 1537 1585
1149 1498 1415 1545 completum
1438 1497 1727 1538 transferatur.

83 1562 162 1600 pro
172 1552 315 1590 Annis
331 1551 368 1597 3,
385 1551 611 1590 Menfibus
626 1552 663 1596 9,
681 1553 796 1590 addo
812 1558 983 1590 motum
999 1552 1308 1590 intermedium
1325 1550 1350 1598 l.
1367 1551 1402 1588 3.
1422 1550 1464 1598 ll.
1478 1551 1513 1593 7,
1531 1552 1728 1588 inuenio-

18 1616 50 1643 25
85 1616 169 1653 que
183 1604 354 1644 Arcens.
371 1604 548 1644 Rediam
565 1605 743 1644 Lucidae
762 1612 808 1646 V
827 1606 882 1644 ad
899 1604 1101 1644 exactum
1117 1607 1302 1643 Annum
1318 1603 1494 1651 dictum..
1511 1604 1552 1641 P.
1570 1603 1631 1641 26.
1651 1602 1675 1650 l.
1693 1603 1728 1640 Ο.

86 1656 99 1707 l
103 1656 129 1707 Ι.
144 1658 207 1703 30,
224 1670 360 1707 quam
374 1665 418 1697 vt
433 1659 825 1707 peruestigaremus
841 1662 1017 1698 animus
1033 1658 1123 1696 fuit.
1142 1656 1156 1708 ΙΙ

5 1716 63 1750 165
137 1711 187 1750 In
210 1711 330 1751 hunc
354 1712 534 1761 quidem
558 1713 754 1757 modum,
781 1719 824 1751 vt
849 1715 939 1751 iam
965 1718 1359 1751 commemoratum
1385 1711 1451 1752 est.
1478 1711 1610 1747 Anno
1637 1709 1730 1747 1582

86 1765 274 1804 assumtae
285 1765 404 1804 Fixae
415 1766 512 1805 Asc.
525 1765 638 1805 Rect.
650 1766 878 1815 diligenter
893 1766 1139 1814 perquifiui,
1157 1765 1352 1813 pluribus
1370 1766 1500 1802 etiam
1516 1764 1612 1811 alijs
1629 1769 1729 1800 tunc

85 1820 303 1868 temporis,
329 1820 487 1858 eodem
511 1822 693 1858 nomine
718 1819 923 1858 adhibitis
949 1818 1453 1867 experimentationibus.
1480 1817 1598 1854 Nam
1621 1816 1730 1853 vltra

20 1883 53 1910 ³0
87 1877 291 1912 centenas
310 1874 468 1912 eodem
483 1874 619 1912 Anno
640 1876 686 1911 in
701 1874 827 1917 Vere,
849 1873 984 1911 habui
1001 1873 1184 1911 Veneris
1205 1873 1383 1910 diurnas
1405 1871 1459 1909 ad
1481 1870 1627 1908 Solem
1644 1868 1729 1907 Ob-

86 1924 364 1972 seruationes,
380 1926 527 1966 Noetu
538 1927 696 1966 deinde
708 1927 763 1965 ad
775 1927 930 1966 Stellas
941 1926 1184 1969 translatas,
1198 1937 1220 1963 e
1233 1925 1391 1972 quibus
1403 1924 1483 1962 has
1495 1921 1731 1961 antedictas

87 1983 171 2018 tres
194 1979 333 2029 selegi,
359 1991 415 2019 ne
439 1983 567 2029 copia
588 1980 678 2028 ipsa
698 1979 924 2019 Lectorem
945 1979 1214 2018 obtunderet.
1236 1979 1401 2016 Verum
1422 1989 1521 2015 cum
1540 1984 1582 2014 vt
1603 1983 1731 2014 antea

88 2043 263 2081 quoque
282 2034 524 2073 indicatum
544 2034 612 2078 est,
633 2034 854 2082 aliquibus
875 2033 1054 2081 suspicio
1071 2034 1242 2070 moueri
1258 2032 1387 2079 possit,
1410 2043 1467 2068 an
1484 2030 1732 2067 Parallaxes

89 2084 128 2124 &
146 2085 440 2126 Restafflones
462 2088 700 2136 praesertim
723 2087 795 2125 hic
816 2087 1057 2135 applicatae,
1082 2085 1229 2124 exacte
1250 2088 1309 2123 ita
1329 2085 1368 2122 se
1391 2084 1634 2124 habuerint,
1658 2089 1732 2120 aut

22 2149 55 2176 3⁵
89 2138 143 2178 ob
159 2151 312 2179 earum
327 2139 556 2186 defec‘tum,
573 2141 643 2179 vel
659 2141 978 2180 abundantiam
994 2140 1144 2187 aliqua
1156 2140 1348 2177 deuiatio
1361 2138 1576 2175 commissa
1593 2135 1638 2173 sit
1654 2147 1732 2172 nec

89 2203 157 2238 ne,
179 2193 342 2233 Idcirco
365 2194 404 2232 &
426 2195 515 2233 alia
537 2197 872 2233 ratiocinatione
896 2206 989 2232 rem
1012 2204 1191 2231 omnem
1214 2191 1511 2239 comprobare,
1536 2196 1665 2236 atque
1689 2190 1733 2225 in

89 2244 1734 2350 ffissgffissesszzffie‘affifflfflffizi‘uiffiasfflfissmvfflsssz..¹325ssssss

90 2351 223 2392 factas
238 2354 617 2399 considerationes,
639 2367 749 2403 quas
766 2356 910 2392 Annis
926 2353 1281 2401 subsequentibus
1298 2351 1646 2398 quamplurimas
1663 2349 1734 2385 ob-

25 2415 58 2443 4ο
90 2407 212 2446 tinui.
235 2407 270 2446 E
290 2408 449 2456 quibus
468 2414 619 2447 tamen
639 2409 872 2447 duodecim
894 2408 1043 2446 saltem
1065 2406 1324 2452 easdemque
1345 2410 1582 2445 accuratas,
1605 2401 1641 2438 8(
1663 2401 1734 2438 fibi

92 2459 281 2499 inuicem
296 2462 520 2510 analogas,
537 2462 609 2500 hic
625 2464 672 2500 in
687 2462 884 2500 medium
899 2460 1184 2509 proferemus.
1200 2466 1243 2496 vt
1255 2469 1371 2496 nunc
1384 2458 1535 2495 ordine
1549 2465 1733 2493 comme-

91 2513 374 2554 morabimus.
1658 2560 1734 2596 DE

196 2575 230 2601 22
