2164 3246
390 207 562 246 ASTR.
586 207 743 246 INST.
766 208 1098 248 PROGYMN.
1121 210 1428 249 SECUNDA
1451 211 1601 250 PARS
1744 212 1820 250 373

171 316 286 364 septa
307 314 575 358 constituere,
596 319 672 353 aut
687 314 905 354 vllatenus
922 316 1040 364 quod
1058 316 1172 355 infra
1188 317 1361 355 Lunam
1377 317 1504 356 fuerit
1521 318 1729 357 haefitare.
1752 319 1819 357 Sic

172 371 290 408 enim
305 368 556 412 Aristotelis,
573 368 1049 418 Peripateticorumque
1061 370 1272 409 Doctrina
1288 371 1454 415 imbuti,
1472 374 1548 419 qui
1564 374 1714 410 omnia
1731 371 1818 410 fere

171 422 530 461 Acadaemiarum
550 421 719 470 pulpita
737 422 822 461 suis
837 424 1103 472 praeiudicijs
1120 424 1411 472 repleuerunt.
1434 427 1617 463 omnino
1638 425 1818 464 sentien—

171 476 277 515 dum
296 476 385 519 esse,
406 487 462 513 ne
483 475 663 523 quidem
678 475 810 514 semel
826 477 1037 520 dubitant,
1059 478 1170 515 adeo
1186 484 1230 515 vt
1247 477 1488 516 Cachinnis
1504 481 1648 526 potius
1665 485 1739 517 aut
1756 491 1818 517 re-

120 543 136 569 5
172 528 356 568 iedtione
372 528 463 567 sola
479 530 749 567 contrarium
765 529 1039 575 astruentem,
1057 532 1364 579 excipiendum
1381 532 1553 570 ducant.

223 583 623 621 Verumenimuero
640 594 705 627 ea,
722 595 823 631 quae
840 584 916 622 diu
932 584 1209 632 multumque
1222 586 1462 632 approbata
1477 585 1583 627 sunt,
1601 592 1731 633 atque
1749 598 1819 623 ex-

171 636 422 675 cellentium
446 636 655 674 Virorum
680 636 959 676 Authoritate
986 638 1152 676 radices
1178 645 1370 686 egerunt,
1401 650 1491 676 non
1521 645 1668 677 tamen
1697 640 1751 677 ob
1777 640 1818 677 id

170 689 337 737 semper
357 691 542 728 omnino
562 692 623 728 ita
642 689 754 729 redte
776 690 981 735 constant,
1003 694 1110 738 quin
1131 692 1350 730 diuersum
1369 693 1473 739 quid
1494 704 1818 739 nonnunquam

170 745 316 782 verius
326 743 367 781 se
379 742 551 781 habeat.
567 743 829 782 Inexhausta
841 747 960 782 enim
972 745 1027 782 est
1040 746 1224 783 Naturae
1236 746 1413 793 abyssus‚
1427 745 1464 783 &
1477 745 1608 783 Mens
1620 746 1819 784 humana

105 809 135 836 10
171 799 217 835 in
236 796 437 845 plurimis
456 796 695 844 praesertim
716 797 828 836 adeo
850 798 977 846 longe
995 810 1020 836 a
1036 799 1224 837 sensibus
1243 801 1431 836 externis
1451 799 1650 846 sepositis,
1672 796 1819 848 saepe-H

84 857 148 890 398
171 861 358 889 numero
383 850 538 898 caligat
563 857 695 898 atque
719 851 885 889 titubat.
912 853 1048 899 Atqui
1074 852 1190 891 Coeli
1215 852 1434 890 Naturam
1460 852 1497 890 8(
1523 852 1819 890 conditionem

171 902 382 943 hactenus
404 905 450 942 in
472 904 860 952 Peripateticorum
883 905 1052 944 Scholis
1078 908 1225 943 minus
1250 918 1439 954 congrue
1465 905 1579 943 fuisse
1604 906 1818 949 traditam,

170 957 449 1006 plurimaque
465 957 521 996 ab
538 959 633 996 eius
648 960 842 1006 genuina
858 959 1029 997 essentia
1049 960 1195 998 aliena
1215 960 1341 997 nobis
1363 959 1547 1003 obtrusa,
1569 965 1657 997 tam
1680 971 1733 997 ex
1753 961 1817 1007 ijs.

171 1022 271 1059 quae
286 1015 377 1049 toto
392 1010 477 1049 hoc
489 1011 635 1059 Opere
647 1012 700 1050 de
712 1012 1039 1051 Recentioribus
1051 1013 1361 1051 Phaenomenis
1372 1015 1418 1050 in
1429 1019 1629 1060 apertum
1643 1013 1815 1050 deduci-

104 1077 134 1103 ιε
170 1075 280 1109 mus,
297 1076 432 1112 quam
443 1065 720 1113 peculiariter
732 1065 770 1103 &
782 1068 1002 1114 praecipue
1014 1078 1090 1114 per
1101 1066 1187 1109 illa,
1205 1078 1305 1113 quae
1317 1066 1515 1114 praesenti
1528 1066 1669 1107 Libro.
1686 1067 1814 1104 adeo-

170 1129 255 1166 que
270 1117 355 1156 hoc
370 1118 461 1166 ipso
477 1118 646 1167 Capite,
664 1121 778 1157 circa
790 1119 971 1158 Nouam
987 1120 1102 1158 hanc
1114 1119 1293 1158 Stellam
1310 1119 1639 1158 demonstraturi
1656 1119 1814 1161 sumus.

169 1170 551 1210 manifestissimum
567 1172 737 1211 euadet.

222 1225 405 1264 Extitisse
416 1225 628 1273 liquidem
640 1226 755 1265 hanc
767 1232 962 1265 recenter
973 1227 1108 1265 visam
1120 1227 1311 1270 Stellam,
1328 1238 1419 1264 non
1431 1226 1569 1264 solum
1581 1228 1694 1263 intra
1705 1226 1816 1273 ipsos

171 1278 366 1318 Coelestis
377 1278 540 1318 Mundi
556 1279 728 1323 limites,
745 1292 837 1318 non
853 1281 986 1318 modo
1003 1281 1113 1319 vltra
1125 1281 1322 1318 Lunares
1334 1280 1478 1323 Sedes,
1496 1279 1564 1317 sed
1582 1279 1708 1326 supra
1726 1291 1815 1317 om-

101 1345 134 1371 20
169 1333 294 1370 nium
310 1335 443 1371 etiam
458 1332 742 1371 Planetarum
755 1333 1082 1378 Reuolutiones,
1099 1334 1299 1381 adeoque
1316 1336 1429 1371 intra
1445 1333 1638 1371 altissima
1650 1332 1815 1370 Affixa-

170 1397 268 1424 rum
287 1385 522 1425 Stellarum
538 1386 743 1431 Theatra,
765 1399 818 1425 ex
839 1387 1116 1435 sequentibus
1136 1387 1405 1434 liquidissime
1426 1386 1598 1434 patebit,
1620 1386 1690 1423 vbi
1711 1398 1815 1433 qua-

169 1438 353 1487 druplici
372 1442 720 1478 ratiocinationis
735 1440 1000 1485 inductione,
1023 1444 1127 1479 citra
1144 1452 1274 1478 omne
1292 1440 1473 1478 dubium
1490 1440 1542 1477 fic
1559 1439 1597 1477 se
1614 1439 1815 1480 habuisse.

169 1491 301 1532 fidem
316 1492 493 1538 faciam;
510 1494 642 1541 idque
659 1496 851 1542 primum
867 1495 1060 1543 generali
1077 1495 1270 1542 quadam
1286 1493 1640 1535 consideratione,
1658 1504 1733 1540 per
1750 1504 1814 1533 ea.

170 1557 270 1594 quae
289 1548 336 1585 in
352 1546 486 1586 Stella
505 1547 589 1586 hac
610 1548 680 1586 vel
700 1548 790 1596 ipso
811 1550 971 1586 intuitu
992 1554 1171 1586 externo
1192 1546 1492 1595 spectabantur
1511 1546 1814 1594 dignosceban-

100 1612 133 1638 25
169 1605 325 1648 turque
342 1600 598 1639 ostensurus.
615 1601 765 1640 Postea
780 1601 1006 1650 specialius
1024 1602 1061 1640 8(
1077 1601 1271 1639 subtilius
1284 1613 1306 1638 e
1320 1601 1608 1639 Geometricis
1622 1600 1814 1637 Demon-

169 1653 442 1693 strationibus
458 1666 552 1693 rem
567 1654 682 1694 hanc
699 1658 821 1693 omni
838 1656 972 1694 dubio
988 1667 1158 1699 vacare,
1176 1654 1548 1702 comprobaturus.

170 1795 399 1836 NOUAM
422 1797 601 1837 HANC
624 1797 899 1837 STELLAM
924 1797 1324 1844 NEQUAQUAM
1346 1797 1408 1834 IN
1431 1794 1813 1833 ELEMENTARI

215 1859 460 1904 MUNDO,
482 1860 593 1899 SED
614 1860 824 1899 LONGE
845 1860 1031 1899 SUPRA
1053 1859 1288 1901 LUNAM.
1311 1858 1348 1896 8(
1370 1858 1578 1897 OMNES
1599 1856 1770 1895 ALIOS

315 1921 625 1961 PLANETAS
646 1923 709 1961 IN
731 1922 869 1966 IPSA,
888 1922 1071 1969 QUAM
1094 1921 1398 1960 OCTAUAM
1421 1919 1670 1958 VOCANT

100 1994 134 2020 30
412 1984 664 2023 SPHAERA
686 1984 1035 2029 EFFULSISSE,
1058 1984 1135 2022 EX
1157 1984 1237 2030 IJS,
1260 1983 1404 2030 QUAE
1425 1982 1575 2021 SOLO

575 2047 827 2086 INTUITU
849 2047 912 2085 IN
934 2046 1064 2085 HAC
1086 2045 1413 2087 PATEBANT.

647 2109 1062 2148 GENERALITER
1084 2108 1342 2146 INFERRE.

726 2178 1077 2211 COMPROBATIO
1099 2178 1261 2209 PRIMA.

243 2240 487 2281 TELLAM
503 2243 620 2282 hanc
636 2255 737 2282 cum
754 2242 1104 2281 Elementaribus
1121 2242 1158 2279 &
1175 2241 1495 2280 Sublunaribus
1513 2240 1734 2280 Meteoris.
1754 2241 1815 2276 ni-

100 2305 134 2331 35
260 2293 324 2333 hil
338 2295 528 2335 habuisse
545 2308 794 2341 commune,
816 2296 905 2344 ipsa
922 2299 1015 2334 eius
1032 2296 1175 2337 facies.
1195 2295 1460 2343 augustaque
1478 2293 1699 2335 FORMA‚
1722 2292 1815 2329 reli-

170 2349 267 2395 quis
276 2348 418 2388 Stellis
428 2352 474 2388 in
483 2350 658 2389 Coelesti
668 2351 844 2388 Mundo
856 2350 1118 2398 fulgentibus
1130 2349 1343 2390 fimilima.
1356 2354 1502 2395 aperte
1516 2346 1814 2384 conuincebat.

170 2399 362 2448 Quando
374 2405 493 2441 enim
504 2405 702 2451 vnquAm
714 2403 972 2442 flammeum
987 2403 1166 2450 aliquod
1179 2403 1426 2443 Meteoron.
1444 2411 1708 2448 quocunque
1725 2406 1815 2436 tan-

83 2458 147 2491 399
170 2453 270 2493 dem
286 2466 339 2494 ex
355 2467 511 2495 eorum
526 2454 720 2507 ge-nnere
737 2460 933 2499 extiterit,
954 2457 1082 2495 instar
1099 2456 1243 2494 Stellae
1261 2456 1445 2493 alicuius
1461 2456 1677 2502 genuinae.
1701 2455 1757 2489 ita
1774 2458 1815 2487 vt

170 2506 280 2546 nihil
295 2508 351 2547 ab
367 2511 461 2548 eius
477 2510 628 2558 Specie
645 2510 904 2558 discreparit,
922 2522 1117 2557 vnquam
1135 2507 1409 2556 conspectum
1426 2506 1604 2555 legitur?
1700 2559 1738 2594 N

1744 2569 1814 2594 arn
