<?xml version="1.0" encoding="UTF-8"?>
<!DOCTYPE html PUBLIC "-//W3C//DTD XHTML 1.0 Transitional//EN"
    "http://www.w3.org/TR/xhtml1/DTD/xhtml1-transitional.dtd">
<html xmlns="http://www.w3.org/1999/xhtml" xml:lang="en" lang="en">
 <head>
  <title>
</title>
<meta http-equiv="Content-Type" content="text/html;charset=utf-8" />
  <meta name='ocr-system' content='tesseract 3.04.00' />
  <meta name='ocr-capabilities' content='ocr_page ocr_carea ocr_par ocr_line ocrx_word'/>
</head>
<body>
  <div class='ocr_page' id='page_1' title='image "./operaomniaedidit02brahuoft/operaomniaedidit02brahuoft_0197.png"; bbox 0 0 2164 3246; ppageno 0'>
   <div class='ocr_carea' id='block_1_1' title="bbox 60 524 76 550">
    <p class='ocr_par' dir='ltr' id='par_1_1' title="bbox 60 524 76 550">
     <span class='ocr_line' id='line_1_1' title="bbox 60 524 76 550; baseline 0 0"><span class='ocrx_word' id='word_1_1' title='bbox 60 524 76 550; x_wconf 82' lang='lat'><strong>5</strong></span> 
     </span>
    </p>
   </div>
   <div class='ocr_carea' id='block_1_2' title="bbox 29 616 1258 667">
    <p class='ocr_par' dir='ltr' id='par_1_2' title="bbox 29 616 1258 667">
     <span class='ocr_line' id='line_1_2' title="bbox 29 616 1258 667; baseline -0.002 -10"><span class='ocrx_word' id='word_1_2' title='bbox 29 625 89 657; x_wconf 92' lang='grc'><strong>177</strong></span> <span class='ocrx_word' id='word_1_3' title='bbox 113 623 220 667; x_wconf 84' lang='lat' dir='ltr'><strong>part.</strong></span> <span class='ocrx_word' id='word_1_4' title='bbox 232 619 286 657; x_wconf 89' lang='lat'><strong>51.</strong></span> <span class='ocrx_word' id='word_1_5' title='bbox 305 616 331 666; x_wconf 94' lang='grc' dir='ltr'><strong>Ι.</strong></span> <span class='ocrx_word' id='word_1_6' title='bbox 345 618 408 662; x_wconf 90' lang='grc'><strong>32,</strong></span> <span class='ocrx_word' id='word_1_7' title='bbox 425 629 502 665; x_wconf 93' lang='lat' dir='ltr'><strong>per</strong></span> <span class='ocrx_word' id='word_1_8' title='bbox 517 617 728 655; x_wconf 83' lang='lat' dir='ltr'><strong>Armillas</strong></span> <span class='ocrx_word' id='word_1_9' title='bbox 745 616 1055 664; x_wconf 84' lang='lat' dir='ltr'>accipiebatur:</span> <span class='ocrx_word' id='word_1_10' title='bbox 1074 616 1258 663; x_wconf 90' lang='lat' dir='ltr'><strong>Fuitque</strong></span> 
     </span>
    </p>
   </div>
   <div class='ocr_carea' id='block_1_3' title="bbox 46 791 76 817">
    <p class='ocr_par' dir='ltr' id='par_1_3' title="bbox 46 791 76 817">
     <span class='ocr_line' id='line_1_3' title="bbox 46 791 76 817; baseline 0 0"><span class='ocrx_word' id='word_1_11' title='bbox 46 791 76 817; x_wconf 84' lang='lat'><strong>10</strong></span> 
     </span>
    </p>
   </div>
   <div class='ocr_carea' id='block_1_4' title="bbox 45 1059 76 1085">
    <p class='ocr_par' dir='ltr' id='par_1_4' title="bbox 45 1059 76 1085">
     <span class='ocr_line' id='line_1_4' title="bbox 45 1059 76 1085; baseline 0 0"><span class='ocrx_word' id='word_1_12' title='bbox 45 1059 76 1085; x_wconf 84' lang='lat'><strong>15</strong></span> 
     </span>
    </p>
   </div>
   <div class='ocr_carea' id='block_1_5' title="bbox 43 1594 76 1620">
    <p class='ocr_par' dir='ltr' id='par_1_5' title="bbox 43 1594 76 1620">
     <span class='ocr_line' id='line_1_5' title="bbox 43 1594 76 1620; baseline 0 0"><span class='ocrx_word' id='word_1_13' title='bbox 43 1594 76 1620; x_wconf 82' lang='lat'><strong>2⁵</strong></span> 
     </span>
    </p>
   </div>
   <div class='ocr_carea' id='block_1_6' title="bbox 43 2127 76 2154">
    <p class='ocr_par' dir='ltr' id='par_1_6' title="bbox 43 2127 76 2154">
     <span class='ocr_line' id='line_1_6' title="bbox 43 2127 76 2154; baseline 0 0"><span class='ocrx_word' id='word_1_14' title='bbox 43 2127 76 2154; x_wconf 79' lang='lat'><strong>35</strong></span> 
     </span>
    </p>
   </div>
   <div class='ocr_carea' id='block_1_7' title="bbox 43 2394 76 2421">
    <p class='ocr_par' dir='ltr' id='par_1_7' title="bbox 43 2394 76 2421">
     <span class='ocr_line' id='line_1_7' title="bbox 43 2394 76 2421; baseline 0 0"><span class='ocrx_word' id='word_1_15' title='bbox 43 2394 76 2421; x_wconf 79' lang='lat'><strong>⁴⁰</strong></span> 
     </span>
    </p>
   </div>
   <div class='ocr_carea' id='block_1_8' title="bbox 408 189 1766 228">
    <p class='ocr_par' dir='ltr' id='par_1_8' title="bbox 408 189 1766 228">
     <span class='ocr_line' id='line_1_8' title="bbox 408 189 1766 228; baseline -0.001 -1"><span class='ocrx_word' id='word_1_16' title='bbox 408 189 1065 228; x_wconf 88' lang='lat' dir='ltr'><strong>PROGYMNASMATUM</strong></span> <span class='ocrx_word' id='word_1_17' title='bbox 1088 190 1293 227; x_wconf 87' lang='lat' dir='ltr'><strong>PRIMA</strong></span> <span class='ocrx_word' id='word_1_18' title='bbox 1314 189 1465 228; x_wconf 87' lang='lat' dir='ltr'>PARS</span> <span class='ocrx_word' id='word_1_19' title='bbox 1708 189 1766 227; x_wconf 89' lang='lat'><strong>181</strong></span> 
     </span>
    </p>
   </div>
   <div class='ocr_carea' id='block_1_9' title="bbox 114 295 1760 459">
    <p class='ocr_par' dir='ltr' id='par_1_9' title="bbox 114 295 1760 459">
     <span class='ocr_line' id='line_1_9' title="bbox 115 295 1760 354; baseline -0.002 -18"><span class='ocrx_word' id='word_1_20' title='bbox 115 296 141 346; x_wconf 93' lang='grc' dir='ltr'><strong>Ι.</strong></span> <span class='ocrx_word' id='word_1_21' title='bbox 158 298 221 336; x_wconf 87' lang='grc'><strong>22.</strong></span> <span class='ocrx_word' id='word_1_22' title='bbox 243 297 356 345; x_wconf 89' lang='lat' dir='ltr'><strong>Ergo</strong></span> <span class='ocrx_word' id='word_1_23' title='bbox 377 296 562 335; x_wconf 90' lang='lat' dir='ltr'><strong>dabatur</strong></span> <span class='ocrx_word' id='word_1_24' title='bbox 581 295 784 344; x_wconf 90' lang='lat' dir='ltr'><strong>Angulus</strong></span> <span class='ocrx_word' id='word_1_25' title='bbox 805 295 946 340; x_wconf 87' lang='lat' dir='ltr'><strong>BAC,</strong></span> <span class='ocrx_word' id='word_1_26' title='bbox 968 302 1075 343; x_wconf 91' lang='lat' dir='ltr'><strong>part.</strong></span> <span class='ocrx_word' id='word_1_27' title='bbox 1093 297 1155 334; x_wconf 90' lang='lat'><strong>47.</strong></span> <span class='ocrx_word' id='word_1_28' title='bbox 1180 295 1204 344; x_wconf 79' lang='lat' dir='ltr'><strong>l.</strong></span> <span class='ocrx_word' id='word_1_29' title='bbox 1222 296 1258 334; x_wconf 87' lang='grc'><strong>3.</strong></span> <span class='ocrx_word' id='word_1_30' title='bbox 1290 312 1340 348; x_wconf 78' lang='lat' dir='ltr'><strong>D</strong></span> <span class='ocrx_word' id='word_1_31' title='bbox 1705 308 1760 354; x_wconf 74' lang='lat' dir='ltr'>E</span> 
     </span>
     <span class='ocr_line' id='line_1_10' title="bbox 115 348 1258 400; baseline -0.002 -11"><span class='ocrx_word' id='word_1_32' title='bbox 115 350 159 400; x_wconf 85' lang='lat' dir='ltr'><strong>ll.</strong></span> <span class='ocrx_word' id='word_1_33' title='bbox 171 351 208 395; x_wconf 89' lang='lat'><strong>6,</strong></span> <span class='ocrx_word' id='word_1_34' title='bbox 225 353 300 399; x_wconf 89' lang='lat' dir='ltr'><strong>qui</strong></span> <span class='ocrx_word' id='word_1_35' title='bbox 317 350 372 388; x_wconf 81' lang='lat' dir='ltr'><strong>est</strong></span> <span class='ocrx_word' id='word_1_36' title='bbox 388 349 635 388; x_wconf 84' lang='lat' dir='ltr'><strong>differentia</strong></span> <span class='ocrx_word' id='word_1_37' title='bbox 646 349 740 387; x_wconf 83' lang='lat' dir='ltr'><strong>Asc.</strong></span> <span class='ocrx_word' id='word_1_38' title='bbox 755 348 867 387; x_wconf 57' lang='lat' dir='ltr'><strong>Redi.</strong></span> <span class='ocrx_word' id='word_1_39' title='bbox 886 349 998 387; x_wconf 91' lang='lat' dir='ltr'><strong>Solis</strong></span> <span class='ocrx_word' id='word_1_40' title='bbox 1012 349 1049 387; x_wconf 89' lang='lat'>&amp;</span> <span class='ocrx_word' id='word_1_41' title='bbox 1062 350 1258 393; x_wconf 88' lang='lat' dir='ltr'><strong>Veneris,</strong></span> 
     </span>
     <span class='ocr_line' id='line_1_11' title="bbox 114 401 1324 459; baseline -0.002 -16"><span class='ocrx_word' id='word_1_42' title='bbox 114 416 215 452; x_wconf 85' lang='lat' dir='ltr'><strong>quae</strong></span> <span class='ocrx_word' id='word_1_43' title='bbox 231 404 379 443; x_wconf 90' lang='lat' dir='ltr'><strong>addita</strong></span> <span class='ocrx_word' id='word_1_44' title='bbox 394 403 646 441; x_wconf 85' lang='lat' dir='ltr'><strong>Ascenfioni</strong></span> <span class='ocrx_word' id='word_1_45' title='bbox 663 401 805 440; x_wconf 62' lang='lat' dir='ltr'><strong>Reetae</strong></span> <span class='ocrx_word' id='word_1_46' title='bbox 822 402 936 441; x_wconf 90' lang='lat' dir='ltr'><strong>Solis</strong></span> <span class='ocrx_word' id='word_1_47' title='bbox 955 402 1167 440; x_wconf 82' lang='lat' dir='ltr'><strong>constituit</strong></span> <span class='ocrx_word' id='word_1_48' title='bbox 1183 403 1258 440; x_wconf 85' lang='lat' dir='ltr'><strong>As·</strong></span> <span class='ocrx_word' id='word_1_49' title='bbox 1297 435 1324 459; x_wconf 27' lang='grc' dir='ltr'><strong>,ι</strong></span> 
     </span>
    </p>
   </div>
   <div class='ocr_carea' id='block_1_10' title="bbox 113 454 1259 613">
    <p class='ocr_par' dir='ltr' id='par_1_10' title="bbox 113 454 1259 613">
     <span class='ocr_line' id='line_1_12' title="bbox 114 454 936 504; baseline -0.002 -8"><span class='ocrx_word' id='word_1_50' title='bbox 114 457 362 496; x_wconf 88' lang='lat' dir='ltr'><strong>cenfionem</strong></span> <span class='ocrx_word' id='word_1_51' title='bbox 378 455 492 495; x_wconf 66' lang='lat' dir='ltr'><strong>Redt.</strong></span> <span class='ocrx_word' id='word_1_52' title='bbox 508 460 535 500; x_wconf 68' lang='grc' dir='ltr'><strong>Ω</strong></span> <span class='ocrx_word' id='word_1_53' title='bbox 554 456 597 494; x_wconf 91' lang='grc' dir='ltr'><strong>Ρ.</strong></span> <span class='ocrx_word' id='word_1_54' title='bbox 614 456 704 494; x_wconf 89' lang='lat'><strong>334.</strong></span> <span class='ocrx_word' id='word_1_55' title='bbox 723 454 749 504; x_wconf 86' lang='lat' dir='ltr'><strong>l.</strong></span> <span class='ocrx_word' id='word_1_56' title='bbox 767 457 820 494; x_wconf 91' lang='lat'><strong>17.</strong></span> <span class='ocrx_word' id='word_1_57' title='bbox 840 454 883 504; x_wconf 84' lang='lat' dir='ltr'><strong>ll.</strong></span> <span class='ocrx_word' id='word_1_58' title='bbox 901 457 936 494; x_wconf 87' lang='lat'><strong>7.</strong></span> 
     </span>
     <span class='ocr_line' id='line_1_13' title="bbox 167 509 1258 555; baseline -0.003 -5"><span class='ocrx_word' id='word_1_59' title='bbox 167 511 335 550; x_wconf 90' lang='lat' dir='ltr'><strong>Eodem</strong></span> <span class='ocrx_word' id='word_1_60' title='bbox 347 510 445 555; x_wconf 90' lang='lat' dir='ltr'><strong>Die,</strong></span> <span class='ocrx_word' id='word_1_61' title='bbox 457 510 768 548; x_wconf 91' lang='lat' dir='ltr'><strong>Pomeridiana</strong></span> <span class='ocrx_word' id='word_1_62' title='bbox 779 509 890 547; x_wconf 92' lang='lat' dir='ltr'><strong>Hor.</strong></span> <span class='ocrx_word' id='word_1_63' title='bbox 903 510 939 547; x_wconf 97' lang='lat'><strong>4.</strong></span> <span class='ocrx_word' id='word_1_64' title='bbox 953 509 1016 547; x_wconf 91' lang='grc' dir='ltr'><strong>Μ.</strong></span> <span class='ocrx_word' id='word_1_65' title='bbox 1029 509 1092 553; x_wconf 90' lang='lat'><strong>48,</strong></span> <span class='ocrx_word' id='word_1_66' title='bbox 1105 509 1258 547; x_wconf 80' lang='lat' dir='ltr'><strong>distan-</strong></span> 
     </span>
     <span class='ocr_line' id='line_1_14' title="bbox 113 560 1259 613; baseline -0.003 -10"><span class='ocrx_word' id='word_1_67' title='bbox 113 567 173 603; x_wconf 88' lang='lat' dir='ltr'><strong>tia</strong></span> <span class='ocrx_word' id='word_1_68' title='bbox 197 567 309 603; x_wconf 90' lang='lat' dir='ltr'><strong>inter</strong></span> <span class='ocrx_word' id='word_1_69' title='bbox 324 564 544 602; x_wconf 86' lang='lat' dir='ltr'><strong>Venerem</strong></span> <span class='ocrx_word' id='word_1_70' title='bbox 570 563 608 601; x_wconf 85' lang='lat'>&amp;</span> <span class='ocrx_word' id='word_1_71' title='bbox 634 563 847 601; x_wconf 89' lang='lat' dir='ltr'><strong>Lucidam</strong></span> <span class='ocrx_word' id='word_1_72' title='bbox 872 569 918 603; x_wconf 76' lang='lat' dir='ltr'><strong>V</strong></span> <span class='ocrx_word' id='word_1_73' title='bbox 943 562 1217 610; x_wconf 89' lang='lat' dir='ltr'><strong>AEquatoria‚</strong></span> <span class='ocrx_word' id='word_1_74' title='bbox 1245 560 1259 613; x_wconf 90' lang='grc' dir='ltr'><strong>ΙΙ</strong></span> 
     </span>
    </p>
   </div>
   <div class='ocr_carea' id='block_1_11' title="bbox 1277 347 1728 1110">
    <p class='ocr_par' dir='ltr' id='par_1_11' title="bbox 1277 347 1728 1110">
     <span class='ocr_line' id='line_1_15' title="bbox 1277 347 1728 1110; baseline 0 -736"><span class='ocrx_word' id='word_1_75' title='bbox 1277 347 1728 1110; x_wconf 95' lang='lat' dir='ltr'><strong>  </strong></span> 
     </span>
    </p>
   </div>
   <div class='ocr_carea' id='block_1_12' title="bbox 110 669 1767 2487">
    <p class='ocr_par' dir='ltr' id='par_1_12' title="bbox 111 669 1554 1163">
     <span class='ocr_line' id='line_1_16' title="bbox 111 669 1259 710; baseline -0.003 0"><span class='ocrx_word' id='word_1_76' title='bbox 111 677 215 710; x_wconf 90' lang='lat' dir='ltr'><strong>tunc</strong></span> <span class='ocrx_word' id='word_1_77' title='bbox 231 671 429 709; x_wconf 84' lang='lat' dir='ltr'><strong>Altitudo</strong></span> <span class='ocrx_word' id='word_1_78' title='bbox 445 671 630 709; x_wconf 88' lang='lat' dir='ltr'><strong>Veneris</strong></span> <span class='ocrx_word' id='word_1_79' title='bbox 645 670 689 708; x_wconf 90' lang='lat' dir='ltr'><strong>P.</strong></span> <span class='ocrx_word' id='word_1_80' title='bbox 706 670 769 708; x_wconf 96' lang='lat'><strong>20.</strong></span> <span class='ocrx_word' id='word_1_81' title='bbox 791 670 944 708; x_wconf 93' lang='lat' dir='ltr'><strong>Motus</strong></span> <span class='ocrx_word' id='word_1_82' title='bbox 963 669 1148 707; x_wconf 91' lang='lat' dir='ltr'><strong>diurnus</strong></span> <span class='ocrx_word' id='word_1_83' title='bbox 1165 672 1259 707; x_wconf 90' lang='lat' dir='ltr'><strong>eius</strong></span> 
     </span>
     <span class='ocr_line' id='line_1_17' title="bbox 112 723 1258 773; baseline -0.003 -9"><span class='ocrx_word' id='word_1_84' title='bbox 112 725 168 764; x_wconf 91' lang='lat' dir='ltr'><strong>ad</strong></span> <span class='ocrx_word' id='word_1_85' title='bbox 178 725 471 773; x_wconf 87' lang='lat' dir='ltr'><strong>AEquatorem</strong></span> <span class='ocrx_word' id='word_1_86' title='bbox 484 723 509 772; x_wconf 84' lang='lat' dir='ltr'><strong>l.</strong></span> <span class='ocrx_word' id='word_1_87' title='bbox 521 724 585 763; x_wconf 87' lang='lat'><strong>49.</strong></span> <span class='ocrx_word' id='word_1_88' title='bbox 601 723 796 772; x_wconf 90' lang='lat' dir='ltr'><strong>Tempus</strong></span> <span class='ocrx_word' id='word_1_89' title='bbox 809 723 1004 771; x_wconf 84' lang='lat' dir='ltr'><strong>elapsum</strong></span> <span class='ocrx_word' id='word_1_90' title='bbox 1017 725 1129 761; x_wconf 89' lang='lat' dir='ltr'><strong>inter</strong></span> <span class='ocrx_word' id='word_1_91' title='bbox 1143 723 1258 761; x_wconf 94' lang='lat' dir='ltr'><strong>hanc</strong></span> 
     </span>
     <span class='ocr_line' id='line_1_18' title="bbox 112 776 1257 820; baseline -0.003 -3"><span class='ocrx_word' id='word_1_92' title='bbox 112 778 297 817; x_wconf 91' lang='lat' dir='ltr'><strong>Veneris</strong></span> <span class='ocrx_word' id='word_1_93' title='bbox 313 778 352 817; x_wconf 86' lang='lat'>&amp;</span> <span class='ocrx_word' id='word_1_94' title='bbox 367 778 503 817; x_wconf 87' lang='lat' dir='ltr'><strong>aliam</strong></span> <span class='ocrx_word' id='word_1_95' title='bbox 515 777 881 817; x_wconf 86' lang='lat' dir='ltr'><strong>Obseruationem</strong></span> <span class='ocrx_word' id='word_1_96' title='bbox 893 789 919 815; x_wconf 90' lang='lat' dir='ltr'><strong>a</strong></span> <span class='ocrx_word' id='word_1_97' title='bbox 931 776 1031 815; x_wconf 92' lang='lat' dir='ltr'><strong>Sole</strong></span> <span class='ocrx_word' id='word_1_98' title='bbox 1048 777 1257 820; x_wconf 83' lang='lat' dir='ltr'><strong>habitam,</strong></span> 
     </span>
     <span class='ocr_line' id='line_1_19' title="bbox 113 829 1257 878; baseline -0.002 -8"><span class='ocrx_word' id='word_1_99' title='bbox 113 832 224 871; x_wconf 92' lang='lat' dir='ltr'><strong>Hor.</strong></span> <span class='ocrx_word' id='word_1_100' title='bbox 240 832 277 870; x_wconf 92' lang='lat'><strong>2.</strong></span> <span class='ocrx_word' id='word_1_101' title='bbox 295 832 358 870; x_wconf 94' lang='lat' dir='ltr'><strong>M.</strong></span> <span class='ocrx_word' id='word_1_102' title='bbox 375 832 417 876; x_wconf 90' lang='lat'><strong>0;</strong></span> <span class='ocrx_word' id='word_1_103' title='bbox 434 833 504 870; x_wconf 91' lang='lat' dir='ltr'><strong>cui</strong></span> <span class='ocrx_word' id='word_1_104' title='bbox 520 831 572 870; x_wconf 94' lang='lat' dir='ltr'><strong>de</strong></span> <span class='ocrx_word' id='word_1_105' title='bbox 588 837 713 869; x_wconf 93' lang='lat' dir='ltr'><strong>motu</strong></span> <span class='ocrx_word' id='word_1_106' title='bbox 728 831 888 869; x_wconf 90' lang='lat' dir='ltr'><strong>diurno</strong></span> <span class='ocrx_word' id='word_1_107' title='bbox 904 830 1165 878; x_wconf 86' lang='lat' dir='ltr'><strong>respondent</strong></span> <span class='ocrx_word' id='word_1_108' title='bbox 1183 829 1208 878; x_wconf 86' lang='lat' dir='ltr'><strong>l.</strong></span> <span class='ocrx_word' id='word_1_109' title='bbox 1221 831 1257 868; x_wconf 90' lang='lat'><strong>4.</strong></span> 
     </span>
     <span class='ocr_line' id='line_1_20' title="bbox 114 883 1259 934; baseline -0.003 -10"><span class='ocrx_word' id='word_1_110' title='bbox 114 883 158 934; x_wconf 88' lang='lat' dir='ltr'><strong>ll.</strong></span> <span class='ocrx_word' id='word_1_111' title='bbox 174 886 211 931; x_wconf 90' lang='lat'><strong>5,</strong></span> <span class='ocrx_word' id='word_1_112' title='bbox 232 886 392 934; x_wconf 90' lang='lat' dir='ltr'><strong>quibus</strong></span> <span class='ocrx_word' id='word_1_113' title='bbox 407 884 659 923; x_wconf 82' lang='lat' dir='ltr'><strong>Ascenfioni</strong></span> <span class='ocrx_word' id='word_1_114' title='bbox 675 885 859 923; x_wconf 89' lang='lat' dir='ltr'><strong>Veneris</strong></span> <span class='ocrx_word' id='word_1_115' title='bbox 880 889 1011 922; x_wconf 91' lang='lat' dir='ltr'><strong>antea</strong></span> <span class='ocrx_word' id='word_1_116' title='bbox 1032 886 1216 932; x_wconf 86' lang='lat' dir='ltr'><strong>cognitae</strong></span> <span class='ocrx_word' id='word_1_117' title='bbox 1233 896 1259 922; x_wconf 93' lang='lat' dir='ltr'><strong>a</strong></span> 
     </span>
     <span class='ocr_line' id='line_1_21' title="bbox 116 936 1256 986; baseline -0.003 -8"><span class='ocrx_word' id='word_1_118' title='bbox 116 941 160 985; x_wconf 80' lang='grc' dir='ltr'>Θ</span> <span class='ocrx_word' id='word_1_119' title='bbox 191 937 361 984; x_wconf 65' lang='lat' dir='ltr'><strong>iuuetis,</strong></span> <span class='ocrx_word' id='word_1_120' title='bbox 383 939 532 977; x_wconf 91' lang='lat' dir='ltr'><strong>euadit</strong></span> <span class='ocrx_word' id='word_1_121' title='bbox 560 938 616 977; x_wconf 92' lang='lat' dir='ltr'><strong>ad</strong></span> <span class='ocrx_word' id='word_1_122' title='bbox 643 938 728 977; x_wconf 92' lang='lat' dir='ltr'><strong>hoc</strong></span> <span class='ocrx_word' id='word_1_123' title='bbox 754 943 928 986; x_wconf 90' lang='lat' dir='ltr'><strong>tempus</strong></span> <span class='ocrx_word' id='word_1_124' title='bbox 953 937 1048 975; x_wconf 87' lang='lat' dir='ltr'><strong>Asc.</strong></span> <span class='ocrx_word' id='word_1_125' title='bbox 1071 936 1202 975; x_wconf 64' lang='lat' dir='ltr'><strong>Redia</strong></span> <span class='ocrx_word' id='word_1_126' title='bbox 1229 941 1256 981; x_wconf 69' lang='lat' dir='ltr'>Q</span> 
     </span>
     <span class='ocr_line' id='line_1_22' title="bbox 111 990 1259 1041; baseline -0.003 -10"><span class='ocrx_word' id='word_1_127' title='bbox 111 992 155 1031; x_wconf 93' lang='lat' dir='ltr'><strong>P.</strong></span> <span class='ocrx_word' id='word_1_128' title='bbox 180 992 270 1031; x_wconf 88' lang='lat'><strong>334.</strong></span> <span class='ocrx_word' id='word_1_129' title='bbox 297 991 323 1041; x_wconf 88' lang='lat' dir='ltr'><strong>l.</strong></span> <span class='ocrx_word' id='word_1_130' title='bbox 348 992 403 1030; x_wconf 87' lang='lat'><strong>21.</strong></span> <span class='ocrx_word' id='word_1_131' title='bbox 430 990 474 1041; x_wconf 84' lang='lat' dir='ltr'><strong>ll.</strong></span> <span class='ocrx_word' id='word_1_132' title='bbox 499 992 554 1037; x_wconf 90' lang='lat'><strong>12,</strong></span> <span class='ocrx_word' id='word_1_133' title='bbox 585 994 655 1030; x_wconf 94' lang='lat' dir='ltr'><strong>cui</strong></span> <span class='ocrx_word' id='word_1_134' title='bbox 679 991 825 1030; x_wconf 82' lang='lat' dir='ltr'><strong>rursus</strong></span> <span class='ocrx_word' id='word_1_135' title='bbox 849 992 1036 1030; x_wconf 90' lang='lat' dir='ltr'><strong>addatur</strong></span> <span class='ocrx_word' id='word_1_136' title='bbox 1060 991 1259 1029; x_wconf 84' lang='lat' dir='ltr'><strong>distantia</strong></span> 
     </span>
     <span class='ocr_line' id='line_1_23' title="bbox 111 1045 1257 1094; baseline -0.003 -9"><span class='ocrx_word' id='word_1_137' title='bbox 111 1045 374 1094; x_wconf 84' lang='lat' dir='ltr'><strong>AEquatoria</strong></span> <span class='ocrx_word' id='word_1_138' title='bbox 387 1048 500 1084; x_wconf 91' lang='lat' dir='ltr'><strong>inter</strong></span> <span class='ocrx_word' id='word_1_139' title='bbox 510 1046 730 1084; x_wconf 91' lang='lat' dir='ltr'><strong>Venerem</strong></span> <span class='ocrx_word' id='word_1_140' title='bbox 747 1045 785 1083; x_wconf 89' lang='lat'>&amp;</span> <span class='ocrx_word' id='word_1_141' title='bbox 801 1045 1014 1083; x_wconf 91' lang='lat' dir='ltr'><strong>Lucidam</strong></span> <span class='ocrx_word' id='word_1_142' title='bbox 1031 1051 1091 1087; x_wconf 72' lang='lat' dir='ltr'><strong>V.</strong></span> <span class='ocrx_word' id='word_1_143' title='bbox 1109 1047 1257 1082; x_wconf 90' lang='lat' dir='ltr'><strong>eueni-</strong></span> 
     </span>
     <span class='ocr_line' id='line_1_24' title="bbox 112 1097 1554 1163; baseline -0.002 -25"><span class='ocrx_word' id='word_1_144' title='bbox 112 1105 240 1148; x_wconf 91' lang='lat' dir='ltr'><strong>etque</strong></span> <span class='ocrx_word' id='word_1_145' title='bbox 256 1099 351 1138; x_wconf 83' lang='lat' dir='ltr'><strong>Asc.</strong></span> <span class='ocrx_word' id='word_1_146' title='bbox 369 1098 500 1138; x_wconf 62' lang='lat' dir='ltr'><strong>Recta</strong></span> <span class='ocrx_word' id='word_1_147' title='bbox 515 1099 693 1138; x_wconf 86' lang='lat' dir='ltr'><strong>Lucidae</strong></span> <span class='ocrx_word' id='word_1_148' title='bbox 712 1105 773 1143; x_wconf 78' lang='lat' dir='ltr'><strong>V,</strong></span> <span class='ocrx_word' id='word_1_149' title='bbox 794 1099 838 1137; x_wconf 93' lang='lat' dir='ltr'><strong>P.</strong></span> <span class='ocrx_word' id='word_1_150' title='bbox 855 1099 918 1137; x_wconf 90' lang='lat'><strong>25.</strong></span> <span class='ocrx_word' id='word_1_151' title='bbox 938 1097 963 1147; x_wconf 84' lang='lat' dir='ltr'><strong>l.</strong></span> <span class='ocrx_word' id='word_1_152' title='bbox 981 1099 1044 1137; x_wconf 90' lang='lat'><strong>53.</strong></span> <span class='ocrx_word' id='word_1_153' title='bbox 1064 1097 1106 1146; x_wconf 83' lang='lat' dir='ltr'><strong>ll.</strong></span> <span class='ocrx_word' id='word_1_154' title='bbox 1125 1098 1178 1136; x_wconf 90' lang='lat'><strong>12.</strong></span> <span class='ocrx_word' id='word_1_155' title='bbox 1200 1099 1258 1136; x_wconf 93' lang='lat' dir='ltr'><strong>At</strong></span> <span class='ocrx_word' id='word_1_156' title='bbox 1496 1116 1554 1163; x_wconf 69' lang='grc' dir='ltr'>Α</span> 
     </span>
    </p>

    <p class='ocr_par' dir='ltr' id='par_1_13' title="bbox 110 1150 1257 1202">
     <span class='ocr_line' id='line_1_25' title="bbox 110 1150 1257 1202; baseline -0.002 -10"><span class='ocrx_word' id='word_1_157' title='bbox 110 1165 190 1202; x_wconf 89' lang='lat' dir='ltr'><strong>pro</strong></span> <span class='ocrx_word' id='word_1_158' title='bbox 210 1165 300 1192; x_wconf 91' lang='lat' dir='ltr'><strong>vno</strong></span> <span class='ocrx_word' id='word_1_159' title='bbox 319 1154 643 1201; x_wconf 90' lang='lat' dir='ltr'><strong>propemodum</strong></span> <span class='ocrx_word' id='word_1_160' title='bbox 659 1153 795 1191; x_wconf 90' lang='lat' dir='ltr'><strong>Anno</strong></span> <span class='ocrx_word' id='word_1_161' title='bbox 815 1152 1111 1191; x_wconf 84' lang='lat' dir='ltr'><strong>subtrahenda</strong></span> <span class='ocrx_word' id='word_1_162' title='bbox 1133 1150 1176 1200; x_wconf 83' lang='lat' dir='ltr'><strong>ll.</strong></span> <span class='ocrx_word' id='word_1_163' title='bbox 1193 1152 1257 1196; x_wconf 91' lang='lat'><strong>50,</strong></span> 
     </span>
    </p>

    <p class='ocr_par' dir='ltr' id='par_1_14' title="bbox 112 1204 1765 1309">
     <span class='ocr_line' id='line_1_26' title="bbox 112 1204 1765 1255; baseline -0.001 -10"><span class='ocrx_word' id='word_1_164' title='bbox 112 1208 279 1255; x_wconf 93' lang='lat' dir='ltr'><strong>eritque</strong></span> <span class='ocrx_word' id='word_1_165' title='bbox 294 1206 498 1245; x_wconf 85' lang='lat' dir='ltr'><strong>Ascenfio</strong></span> <span class='ocrx_word' id='word_1_166' title='bbox 515 1205 646 1245; x_wconf 54' lang='lat' dir='ltr'><strong>Recita</strong></span> <span class='ocrx_word' id='word_1_167' title='bbox 660 1206 704 1244; x_wconf 90' lang='lat' dir='ltr'><strong>P.</strong></span> <span class='ocrx_word' id='word_1_168' title='bbox 721 1206 784 1245; x_wconf 93' lang='lat'><strong>25.</strong></span> <span class='ocrx_word' id='word_1_169' title='bbox 803 1204 829 1254; x_wconf 86' lang='lat' dir='ltr'><strong>l.</strong></span> <span class='ocrx_word' id='word_1_170' title='bbox 845 1206 909 1244; x_wconf 90' lang='lat'><strong>52.</strong></span> <span class='ocrx_word' id='word_1_171' title='bbox 928 1204 971 1254; x_wconf 85' lang='lat' dir='ltr'><strong>ll.</strong></span> <span class='ocrx_word' id='word_1_172' title='bbox 988 1206 1052 1249; x_wconf 90' lang='lat'><strong>22,</strong></span> <span class='ocrx_word' id='word_1_173' title='bbox 1074 1211 1328 1253; x_wconf 90' lang='lat' dir='ltr'><strong>competens</strong></span> <span class='ocrx_word' id='word_1_174' title='bbox 1344 1207 1479 1244; x_wconf 92' lang='lat' dir='ltr'><strong>Anno</strong></span> <span class='ocrx_word' id='word_1_175' title='bbox 1497 1206 1591 1245; x_wconf 90' lang='lat'><strong>1585</strong></span> <span class='ocrx_word' id='word_1_176' title='bbox 1609 1206 1765 1254; x_wconf 85' lang='lat' dir='ltr'><strong>elapso,</strong></span> 
     </span>
     <span class='ocr_line' id='line_1_27' title="bbox 112 1259 892 1309; baseline -0.003 -10"><span class='ocrx_word' id='word_1_177' title='bbox 112 1272 248 1309; x_wconf 91' lang='lat' dir='ltr'><strong>quam</strong></span> <span class='ocrx_word' id='word_1_178' title='bbox 264 1272 364 1299; x_wconf 93' lang='lat' dir='ltr'><strong>cum</strong></span> <span class='ocrx_word' id='word_1_179' title='bbox 379 1260 585 1308; x_wconf 83' lang='lat' dir='ltr'><strong>sequente</strong></span> <span class='ocrx_word' id='word_1_180' title='bbox 602 1259 892 1298; x_wconf 90' lang='lat' dir='ltr'><strong>conferemus.</strong></span> 
     </span>
    </p>

    <p class='ocr_par' dir='ltr' id='par_1_15' title="bbox 111 1313 1767 2005">
     <span class='ocr_line' id='line_1_28' title="bbox 163 1313 1766 1359; baseline -0.001 -7"><span class='ocrx_word' id='word_1_181' title='bbox 163 1314 299 1352; x_wconf 91' lang='lat' dir='ltr'><strong>Anno</strong></span> <span class='ocrx_word' id='word_1_182' title='bbox 316 1314 423 1359; x_wconf 89' lang='lat'>1588,</span> <span class='ocrx_word' id='word_1_183' title='bbox 440 1314 526 1352; x_wconf 93' lang='lat' dir='ltr'><strong>Die</strong></span> <span class='ocrx_word' id='word_1_184' title='bbox 541 1314 593 1352; x_wconf 90' lang='lat'><strong>29</strong></span> <span class='ocrx_word' id='word_1_185' title='bbox 609 1314 879 1352; x_wconf 89' lang='lat' dir='ltr'><strong>Nouembris</strong></span> <span class='ocrx_word' id='word_1_186' title='bbox 895 1314 948 1351; x_wconf 90' lang='lat' dir='ltr'><strong>A.</strong></span> <span class='ocrx_word' id='word_1_187' title='bbox 962 1313 1025 1351; x_wconf 91' lang='lat' dir='ltr'><strong>M.</strong></span> <span class='ocrx_word' id='word_1_188' title='bbox 1043 1313 1154 1351; x_wconf 90' lang='lat' dir='ltr'><strong>Hor.</strong></span> <span class='ocrx_word' id='word_1_189' title='bbox 1167 1313 1203 1351; x_wconf 88' lang='lat'><strong>9.</strong></span> <span class='ocrx_word' id='word_1_190' title='bbox 1222 1313 1285 1351; x_wconf 91' lang='lat' dir='ltr'><strong>M.</strong></span> <span class='ocrx_word' id='word_1_191' title='bbox 1299 1314 1343 1356; x_wconf 92' lang='grc'><strong>11,</strong></span> <span class='ocrx_word' id='word_1_192' title='bbox 1360 1313 1440 1351; x_wconf 89' lang='lat' dir='ltr'><strong>fuit</strong></span> <span class='ocrx_word' id='word_1_193' title='bbox 1456 1316 1641 1351; x_wconf 90' lang='lat' dir='ltr'><strong>remotio</strong></span> <span class='ocrx_word' id='word_1_194' title='bbox 1654 1313 1766 1352; x_wconf 92' lang='lat' dir='ltr'><strong>Solis</strong></span> 
     </span>
     <span class='ocr_line' id='line_1_29' title="bbox 112 1366 1767 1416; baseline -0.001 -10"><span class='ocrx_word' id='word_1_195' title='bbox 112 1367 345 1406; x_wconf 81' lang='lat' dir='ltr'><strong>&amp;Veneris</strong></span> <span class='ocrx_word' id='word_1_196' title='bbox 360 1367 404 1406; x_wconf 95' lang='lat' dir='ltr'><strong>P.</strong></span> <span class='ocrx_word' id='word_1_197' title='bbox 420 1367 483 1406; x_wconf 89' lang='lat'><strong>46.</strong></span> <span class='ocrx_word' id='word_1_198' title='bbox 502 1366 528 1416; x_wconf 87' lang='lat' dir='ltr'><strong>l.</strong></span> <span class='ocrx_word' id='word_1_199' title='bbox 545 1367 608 1406; x_wconf 92' lang='lat'><strong>38.</strong></span> <span class='ocrx_word' id='word_1_200' title='bbox 625 1367 825 1406; x_wconf 87' lang='lat' dir='ltr'><strong>Altitudo</strong></span> <span class='ocrx_word' id='word_1_201' title='bbox 842 1367 955 1406; x_wconf 91' lang='lat' dir='ltr'><strong>Solis</strong></span> <span class='ocrx_word' id='word_1_202' title='bbox 971 1367 1014 1404; x_wconf 92' lang='lat' dir='ltr'><strong>P.</strong></span> <span class='ocrx_word' id='word_1_203' title='bbox 1031 1367 1091 1406; x_wconf 50' lang='lat'><strong>33.</strong></span> <span class='ocrx_word' id='word_1_204' title='bbox 1111 1370 1137 1410; x_wconf 68' lang='lat' dir='ltr'>Q</span> <span class='ocrx_word' id='word_1_205' title='bbox 1157 1367 1200 1405; x_wconf 93' lang='lat' dir='ltr'><strong>P.</strong></span> <span class='ocrx_word' id='word_1_206' title='bbox 1217 1367 1302 1406; x_wconf 58' lang='lat'><strong>243.</strong></span> <span class='ocrx_word' id='word_1_207' title='bbox 1321 1367 1570 1405; x_wconf 90' lang='lat' dir='ltr'><strong>Declinatio</strong></span> <span class='ocrx_word' id='word_1_208' title='bbox 1582 1367 1767 1405; x_wconf 89' lang='lat' dir='ltr'><strong>Veneris</strong></span> 
     </span>
     <span class='ocr_line' id='line_1_30' title="bbox 111 1419 1766 1469; baseline -0.001 -10"><span class='ocrx_word' id='word_1_209' title='bbox 111 1421 155 1459; x_wconf 94' lang='lat' dir='ltr'><strong>P.</strong></span> <span class='ocrx_word' id='word_1_210' title='bbox 171 1421 207 1460; x_wconf 88' lang='lat'><strong>9.</strong></span> <span class='ocrx_word' id='word_1_211' title='bbox 225 1419 252 1469; x_wconf 91' lang='grc' dir='ltr'><strong>Ι.</strong></span> <span class='ocrx_word' id='word_1_212' title='bbox 269 1421 311 1460; x_wconf 88' lang='grc'><strong>16</strong></span> <span class='ocrx_word' id='word_1_213' title='bbox 326 1421 439 1459; x_wconf 91' lang='lat' dir='ltr'><strong>Mer.</strong></span> <span class='ocrx_word' id='word_1_214' title='bbox 457 1421 599 1459; x_wconf 92' lang='lat' dir='ltr'><strong>Locus</strong></span> <span class='ocrx_word' id='word_1_215' title='bbox 619 1423 662 1466; x_wconf 74' lang='grc' dir='ltr'>Θ</span> <span class='ocrx_word' id='word_1_216' title='bbox 681 1427 785 1459; x_wconf 90' lang='lat' dir='ltr'><strong>tunc</strong></span> <span class='ocrx_word' id='word_1_217' title='bbox 800 1420 1031 1468; x_wconf 88' lang='lat' dir='ltr'><strong>Temporis</strong></span> <span class='ocrx_word' id='word_1_218' title='bbox 1048 1423 1094 1458; x_wconf 92' lang='lat' dir='ltr'><strong>in</strong></span> <span class='ocrx_word' id='word_1_219' title='bbox 1110 1427 1217 1468; x_wconf 90' lang='lat' dir='ltr'><strong>part.</strong></span> <span class='ocrx_word' id='word_1_220' title='bbox 1234 1421 1286 1459; x_wconf 90' lang='lat'><strong>17.</strong></span> <span class='ocrx_word' id='word_1_221' title='bbox 1306 1419 1331 1468; x_wconf 85' lang='lat' dir='ltr'><strong>l.</strong></span> <span class='ocrx_word' id='word_1_222' title='bbox 1348 1420 1411 1458; x_wconf 88' lang='lat'><strong>33.</strong></span> <span class='ocrx_word' id='word_1_223' title='bbox 1431 1419 1474 1468; x_wconf 78' lang='lat' dir='ltr'><strong>ll.</strong></span> <span class='ocrx_word' id='word_1_224' title='bbox 1491 1421 1515 1459; x_wconf 88' lang='lat'>8</span> <span class='ocrx_word' id='word_1_225' title='bbox 1533 1425 1589 1463; x_wconf 53' lang='grc' dir='ltr'><strong>β.</strong></span> <span class='ocrx_word' id='word_1_226' title='bbox 1607 1420 1766 1458; x_wconf 84' lang='lat' dir='ltr'><strong>Ascen-</strong></span> 
     </span>
     <span class='ocr_line' id='line_1_31' title="bbox 111 1473 1766 1523; baseline -0.001 -10"><span class='ocrx_word' id='word_1_227' title='bbox 111 1474 170 1513; x_wconf 91' lang='lat' dir='ltr'><strong>fio</strong></span> <span class='ocrx_word' id='word_1_228' title='bbox 187 1473 317 1514; x_wconf 68' lang='lat' dir='ltr'><strong>Recta</strong></span> <span class='ocrx_word' id='word_1_229' title='bbox 332 1475 375 1513; x_wconf 94' lang='lat' dir='ltr'><strong>P.</strong></span> <span class='ocrx_word' id='word_1_230' title='bbox 392 1475 482 1513; x_wconf 93' lang='lat'><strong>256.</strong></span> <span class='ocrx_word' id='word_1_231' title='bbox 501 1473 526 1523; x_wconf 83' lang='lat' dir='ltr'><strong>l.</strong></span> <span class='ocrx_word' id='word_1_232' title='bbox 543 1475 606 1513; x_wconf 90' lang='lat'><strong>27.</strong></span> <span class='ocrx_word' id='word_1_233' title='bbox 626 1473 638 1523; x_wconf 85' lang='grc' dir='ltr'><em>Ι</em></span> <span class='ocrx_word' id='word_1_234' title='bbox 643 1473 668 1523; x_wconf 85' lang='lat' dir='ltr'><strong>l.</strong></span> <span class='ocrx_word' id='word_1_235' title='bbox 682 1474 744 1513; x_wconf 91' lang='lat'><strong>48.</strong></span> <span class='ocrx_word' id='word_1_236' title='bbox 762 1474 1012 1512; x_wconf 88' lang='lat' dir='ltr'><strong>Declinatio</strong></span> <span class='ocrx_word' id='word_1_237' title='bbox 1029 1480 1136 1522; x_wconf 92' lang='lat' dir='ltr'><strong>part.</strong></span> <span class='ocrx_word' id='word_1_238' title='bbox 1150 1474 1213 1512; x_wconf 94' lang='lat'><strong>22.</strong></span> <span class='ocrx_word' id='word_1_239' title='bbox 1228 1473 1253 1522; x_wconf 86' lang='lat' dir='ltr'><strong>l.</strong></span> <span class='ocrx_word' id='word_1_240' title='bbox 1266 1474 1334 1513; x_wconf 59' lang='lat'><strong>563</strong></span> <span class='ocrx_word' id='word_1_241' title='bbox 1356 1474 1530 1512; x_wconf 91' lang='lat' dir='ltr'><strong>Meridi.</strong></span> <span class='ocrx_word' id='word_1_242' title='bbox 1548 1474 1603 1512; x_wconf 93' lang='lat' dir='ltr'><strong>Vt</strong></span> <span class='ocrx_word' id='word_1_243' title='bbox 1619 1476 1766 1521; x_wconf 90' lang='lat' dir='ltr'><strong>itaque</strong></span> 
     </span>
     <span class='ocr_line' id='line_1_32' title="bbox 111 1526 1765 1576; baseline -0.001 -9"><span class='ocrx_word' id='word_1_244' title='bbox 111 1527 183 1567; x_wconf 81' lang='lat' dir='ltr'><strong>hic</strong></span> <span class='ocrx_word' id='word_1_245' title='bbox 203 1530 450 1576; x_wconf 90' lang='lat' dir='ltr'><strong>inquiratur</strong></span> <span class='ocrx_word' id='word_1_246' title='bbox 470 1527 716 1567; x_wconf 86' lang='lat' dir='ltr'><strong>differentia</strong></span> <span class='ocrx_word' id='word_1_247' title='bbox 732 1527 1007 1566; x_wconf 85' lang='lat' dir='ltr'><strong>Ascenfionis</strong></span> <span class='ocrx_word' id='word_1_248' title='bbox 1024 1526 1166 1566; x_wconf 61' lang='lat' dir='ltr'><strong>Reetae</strong></span> <span class='ocrx_word' id='word_1_249' title='bbox 1187 1530 1299 1566; x_wconf 92' lang='lat' dir='ltr'><strong>inter</strong></span> <span class='ocrx_word' id='word_1_250' title='bbox 1315 1527 1463 1566; x_wconf 91' lang='lat' dir='ltr'><strong>Solem</strong></span> <span class='ocrx_word' id='word_1_251' title='bbox 1480 1527 1518 1565; x_wconf 87' lang='lat'>&amp;</span> <span class='ocrx_word' id='word_1_252' title='bbox 1534 1528 1765 1571; x_wconf 90' lang='lat' dir='ltr'><strong>Venerem,</strong></span> 
     </span>
     <span class='ocr_line' id='line_1_33' title="bbox 112 1581 1310 1630; baseline -0.001 -10"><span class='ocrx_word' id='word_1_253' title='bbox 112 1581 158 1620; x_wconf 84' lang='lat' dir='ltr'><strong>fit</strong></span> <span class='ocrx_word' id='word_1_254' title='bbox 173 1583 220 1620; x_wconf 90' lang='lat' dir='ltr'><strong>in</strong></span> <span class='ocrx_word' id='word_1_255' title='bbox 235 1581 319 1621; x_wconf 93' lang='lat' dir='ltr'><strong>hac</strong></span> <span class='ocrx_word' id='word_1_256' title='bbox 335 1582 615 1630; x_wconf 89' lang='lat' dir='ltr'><strong>Figuratione</strong></span> <span class='ocrx_word' id='word_1_257' title='bbox 632 1581 670 1620; x_wconf 93' lang='lat' dir='ltr'>C</span> <span class='ocrx_word' id='word_1_258' title='bbox 686 1582 773 1621; x_wconf 93' lang='lat' dir='ltr'><strong>Sol.</strong></span> <span class='ocrx_word' id='word_1_259' title='bbox 791 1582 825 1620; x_wconf 90' lang='lat' dir='ltr'>B</span> <span class='ocrx_word' id='word_1_260' title='bbox 837 1582 1001 1620; x_wconf 88' lang='lat' dir='ltr'><strong>Venus.</strong></span> <span class='ocrx_word' id='word_1_261' title='bbox 1019 1582 1060 1619; x_wconf 93' lang='lat' dir='ltr'><strong>A</strong></span> <span class='ocrx_word' id='word_1_262' title='bbox 1077 1581 1208 1619; x_wconf 89' lang='lat' dir='ltr'><strong>Polus</strong></span> <span class='ocrx_word' id='word_1_263' title='bbox 1220 1583 1310 1619; x_wconf 93' lang='lat' dir='ltr'><strong>Au-</strong></span> 
     </span>
     <span class='ocr_line' id='line_1_34' title="bbox 111 1610 1735 1683; baseline -0.001 -9"><span class='ocrx_word' id='word_1_264' title='bbox 111 1635 258 1674; x_wconf 83' lang='lat' dir='ltr'><strong>strah&#39;s.</strong></span> <span class='ocrx_word' id='word_1_265' title='bbox 292 1635 426 1674; x_wconf 92' lang='lat' dir='ltr'><strong>Latus</strong></span> <span class='ocrx_word' id='word_1_266' title='bbox 455 1636 489 1674; x_wconf 92' lang='lat' dir='ltr'>B</span> <span class='ocrx_word' id='word_1_267' title='bbox 501 1636 543 1673; x_wconf 94' lang='lat' dir='ltr'><strong>A</strong></span> <span class='ocrx_word' id='word_1_268' title='bbox 569 1635 960 1683; x_wconf 91' lang='lat' dir='ltr'><strong>Complementum</strong></span> <span class='ocrx_word' id='word_1_269' title='bbox 990 1635 1311 1673; x_wconf 89' lang='lat' dir='ltr'><strong>Declinationis</strong></span> <span class='ocrx_word' id='word_1_270' title='bbox 1364 1610 1420 1655; x_wconf 85' lang='lat' dir='ltr'>D</span> <span class='ocrx_word' id='word_1_271' title='bbox 1487 1651 1489 1654; x_wconf 96' lang='lat'>·</span> <span class='ocrx_word' id='word_1_272' title='bbox 1682 1610 1735 1664; x_wconf 79' lang='lat' dir='ltr'>E</span> 
     </span>
     <span class='ocr_line' id='line_1_35' title="bbox 111 1687 1311 1737; baseline -0.001 -10"><span class='ocrx_word' id='word_1_273' title='bbox 111 1689 295 1727; x_wconf 90' lang='lat' dir='ltr'><strong>Veneris</strong></span> <span class='ocrx_word' id='word_1_274' title='bbox 314 1693 422 1737; x_wconf 89' lang='lat' dir='ltr'><strong>part.</strong></span> <span class='ocrx_word' id='word_1_275' title='bbox 442 1689 505 1728; x_wconf 91' lang='lat'><strong>80.</strong></span> <span class='ocrx_word' id='word_1_276' title='bbox 529 1687 554 1737; x_wconf 84' lang='lat' dir='ltr'><strong>l.</strong></span> <span class='ocrx_word' id='word_1_277' title='bbox 571 1689 634 1727; x_wconf 88' lang='lat'><strong>44.</strong></span> <span class='ocrx_word' id='word_1_278' title='bbox 657 1689 792 1727; x_wconf 90' lang='lat' dir='ltr'><strong>Latus</strong></span> <span class='ocrx_word' id='word_1_279' title='bbox 813 1689 899 1727; x_wconf 91' lang='lat' dir='ltr'><strong>CA</strong></span> <span class='ocrx_word' id='word_1_280' title='bbox 921 1688 1311 1736; x_wconf 92' lang='lat' dir='ltr'><strong>Complementum</strong></span> 
     </span>
     <span class='ocr_line' id='line_1_36' title="bbox 112 1662 1698 1802; baseline 0.002 -22"><span class='ocrx_word' id='word_1_281' title='bbox 112 1741 434 1781; x_wconf 84' lang='lat' dir='ltr'><strong>Declinationis</strong></span> <span class='ocrx_word' id='word_1_282' title='bbox 446 1742 559 1782; x_wconf 92' lang='lat' dir='ltr'><strong>Solis</strong></span> <span class='ocrx_word' id='word_1_283' title='bbox 569 1748 677 1790; x_wconf 90' lang='lat' dir='ltr'><strong>part.</strong></span> <span class='ocrx_word' id='word_1_284' title='bbox 690 1743 752 1781; x_wconf 91' lang='lat'><strong>67.</strong></span> <span class='ocrx_word' id='word_1_285' title='bbox 768 1741 793 1790; x_wconf 84' lang='lat' dir='ltr'><strong>l.</strong></span> <span class='ocrx_word' id='word_1_286' title='bbox 805 1743 864 1782; x_wconf 61' lang='lat'><strong>323.</strong></span> <span class='ocrx_word' id='word_1_287' title='bbox 880 1743 1014 1781; x_wconf 92' lang='lat' dir='ltr'><strong>Latus</strong></span> <span class='ocrx_word' id='word_1_288' title='bbox 1026 1742 1102 1781; x_wconf 93' lang='lat' dir='ltr'><strong>BC</strong></span> <span class='ocrx_word' id='word_1_289' title='bbox 1114 1742 1312 1781; x_wconf 84' lang='lat' dir='ltr'><strong>distantia</strong></span> <span class='ocrx_word' id='word_1_290' title='bbox 1407 1662 1698 1802; x_wconf 89' lang='lat'><em>-</em></span> 
     </span>
     <span class='ocr_line' id='line_1_37' title="bbox 112 1769 1755 1844; baseline -0.002 -9"><span class='ocrx_word' id='word_1_291' title='bbox 112 1795 341 1835; x_wconf 85' lang='lat' dir='ltr'><strong>obseruata</strong></span> <span class='ocrx_word' id='word_1_292' title='bbox 364 1797 408 1841; x_wconf 73' lang='grc' dir='ltr'><strong>Ε)</strong></span> <span class='ocrx_word' id='word_1_293' title='bbox 432 1795 471 1834; x_wconf 86' lang='lat'>&amp;</span> <span class='ocrx_word' id='word_1_294' title='bbox 494 1800 521 1840; x_wconf 71' lang='lat' dir='ltr'>Q</span> <span class='ocrx_word' id='word_1_295' title='bbox 544 1802 652 1844; x_wconf 87' lang='lat' dir='ltr'><strong>part.</strong></span> <span class='ocrx_word' id='word_1_296' title='bbox 674 1796 737 1834; x_wconf 89' lang='lat'><strong>46.</strong></span> <span class='ocrx_word' id='word_1_297' title='bbox 761 1794 786 1844; x_wconf 79' lang='lat' dir='ltr'><strong>l.</strong></span> <span class='ocrx_word' id='word_1_298' title='bbox 808 1796 871 1835; x_wconf 93' lang='lat'><strong>38.</strong></span> <span class='ocrx_word' id='word_1_299' title='bbox 894 1795 1067 1842; x_wconf 89' lang='lat' dir='ltr'><strong>Quibus</strong></span> <span class='ocrx_word' id='word_1_300' title='bbox 1089 1797 1199 1834; x_wconf 90' lang='lat' dir='ltr'><strong>datis</strong></span> <span class='ocrx_word' id='word_1_301' title='bbox 1220 1808 1311 1834; x_wconf 92' lang='lat' dir='ltr'><strong>non</strong></span> <span class='ocrx_word' id='word_1_302' title='bbox 1347 1776 1396 1821; x_wconf 78' lang='lat' dir='ltr'>C</span> <span class='ocrx_word' id='word_1_303' title='bbox 1707 1769 1755 1831; x_wconf 75' lang='grc' dir='ltr'>Β</span> 
     </span>
     <span class='ocr_line' id='line_1_38' title="bbox 112 1848 1311 1898; baseline -0.001 -10"><span class='ocrx_word' id='word_1_304' title='bbox 112 1849 260 1888; x_wconf 91' lang='lat' dir='ltr'><strong>latebit</strong></span> <span class='ocrx_word' id='word_1_305' title='bbox 270 1849 474 1898; x_wconf 90' lang='lat' dir='ltr'><strong>Angulus</strong></span> <span class='ocrx_word' id='word_1_306' title='bbox 490 1850 622 1895; x_wconf 88' lang='lat' dir='ltr'><strong>BAC,</strong></span> <span class='ocrx_word' id='word_1_307' title='bbox 639 1850 682 1888; x_wconf 92' lang='lat' dir='ltr'><strong>P.</strong></span> <span class='ocrx_word' id='word_1_308' title='bbox 695 1850 758 1888; x_wconf 88' lang='lat'><strong>46.</strong></span> <span class='ocrx_word' id='word_1_309' title='bbox 773 1848 798 1898; x_wconf 90' lang='grc' dir='ltr'><strong>Ι.</strong></span> <span class='ocrx_word' id='word_1_310' title='bbox 812 1849 874 1888; x_wconf 85' lang='grc'><strong>38.</strong></span> <span class='ocrx_word' id='word_1_311' title='bbox 890 1848 933 1897; x_wconf 81' lang='lat' dir='ltr'><strong>ll.</strong></span> <span class='ocrx_word' id='word_1_312' title='bbox 946 1851 1009 1893; x_wconf 92' lang='lat'><strong>55,</strong></span> <span class='ocrx_word' id='word_1_313' title='bbox 1027 1851 1102 1897; x_wconf 89' lang='lat' dir='ltr'><strong>qui</strong></span> <span class='ocrx_word' id='word_1_314' title='bbox 1118 1849 1311 1888; x_wconf 86' lang='lat' dir='ltr'><strong>sublatus</strong></span> 
     </span>
     <span class='ocr_line' id='line_1_39' title="bbox 112 1901 1310 1951; baseline 0 -10"><span class='ocrx_word' id='word_1_315' title='bbox 112 1902 167 1941; x_wconf 94' lang='lat' dir='ltr'><strong>ab</strong></span> <span class='ocrx_word' id='word_1_316' title='bbox 181 1902 276 1941; x_wconf 84' lang='lat' dir='ltr'><strong>Asc.</strong></span> <span class='ocrx_word' id='word_1_317' title='bbox 289 1902 415 1948; x_wconf 90' lang='lat' dir='ltr'><strong>Solis,</strong></span> <span class='ocrx_word' id='word_1_318' title='bbox 431 1904 639 1951; x_wconf 88' lang='lat' dir='ltr'><strong>relinquit</strong></span> <span class='ocrx_word' id='word_1_319' title='bbox 654 1903 964 1942; x_wconf 88' lang='lat' dir='ltr'><strong>Ascenfionem</strong></span> <span class='ocrx_word' id='word_1_320' title='bbox 981 1901 1157 1941; x_wconf 66' lang='lat' dir='ltr'><strong>Redtam</strong></span> <span class='ocrx_word' id='word_1_321' title='bbox 1169 1903 1310 1941; x_wconf 92' lang='lat' dir='ltr'><strong>Vene-</strong></span> 
     </span>
     <span class='ocr_line' id='line_1_40' title="bbox 112 1955 680 2005; baseline 0.002 -11"><span class='ocrx_word' id='word_1_322' title='bbox 112 1958 169 1995; x_wconf 89' lang='lat' dir='ltr'><strong>ris</strong></span> <span class='ocrx_word' id='word_1_323' title='bbox 184 1956 228 1994; x_wconf 91' lang='lat' dir='ltr'><strong>P.</strong></span> <span class='ocrx_word' id='word_1_324' title='bbox 244 1956 334 1995; x_wconf 91' lang='lat'><strong>209.</strong></span> <span class='ocrx_word' id='word_1_325' title='bbox 351 1959 457 1995; x_wconf 90' lang='lat' dir='ltr'><strong>min.</strong></span> <span class='ocrx_word' id='word_1_326' title='bbox 473 1957 537 1996; x_wconf 90' lang='lat'><strong>48.</strong></span> <span class='ocrx_word' id='word_1_327' title='bbox 556 1955 600 2005; x_wconf 81' lang='lat' dir='ltr'><strong>ll.</strong></span> <span class='ocrx_word' id='word_1_328' title='bbox 617 1957 680 1996; x_wconf 91' lang='lat'><strong>53.</strong></span> 
     </span>
    </p>

    <p class='ocr_par' dir='ltr' id='par_1_16' title="bbox 111 2009 1311 2165">
     <span class='ocr_line' id='line_1_41' title="bbox 163 2009 1311 2058; baseline 0 -10"><span class='ocrx_word' id='word_1_329' title='bbox 163 2010 222 2048; x_wconf 89' lang='lat' dir='ltr'><strong>At</strong></span> <span class='ocrx_word' id='word_1_330' title='bbox 242 2021 295 2049; x_wconf 91' lang='lat' dir='ltr'><strong>eo</strong></span> <span class='ocrx_word' id='word_1_331' title='bbox 316 2009 407 2058; x_wconf 83' lang='lat' dir='ltr'><strong>ipso</strong></span> <span class='ocrx_word' id='word_1_332' title='bbox 428 2010 513 2049; x_wconf 93' lang='lat' dir='ltr'><strong>Die</strong></span> <span class='ocrx_word' id='word_1_333' title='bbox 529 2016 630 2049; x_wconf 91' lang='lat' dir='ltr'><strong>ante</strong></span> <span class='ocrx_word' id='word_1_334' title='bbox 647 2010 884 2048; x_wconf 91' lang='lat' dir='ltr'><strong>Meridiem</strong></span> <span class='ocrx_word' id='word_1_335' title='bbox 901 2010 1012 2048; x_wconf 90' lang='lat' dir='ltr'><strong>Hor.</strong></span> <span class='ocrx_word' id='word_1_336' title='bbox 1030 2011 1066 2048; x_wconf 92' lang='lat'><strong>7.</strong></span> <span class='ocrx_word' id='word_1_337' title='bbox 1084 2010 1147 2048; x_wconf 92' lang='lat' dir='ltr'><strong>M.</strong></span> <span class='ocrx_word' id='word_1_338' title='bbox 1166 2011 1210 2055; x_wconf 94' lang='lat' dir='ltr'><strong>ll,</strong></span> <span class='ocrx_word' id='word_1_339' title='bbox 1231 2009 1311 2048; x_wconf 90' lang='lat' dir='ltr'><strong>fuit</strong></span> 
     </span>
     <span class='ocr_line' id='line_1_42' title="bbox 112 2063 1306 2112; baseline -0.001 -10"><span class='ocrx_word' id='word_1_340' title='bbox 112 2063 309 2102; x_wconf 78' lang='lat' dir='ltr'><strong>distantia</strong></span> <span class='ocrx_word' id='word_1_341' title='bbox 319 2064 504 2102; x_wconf 88' lang='lat' dir='ltr'><strong>Veneris</strong></span> <span class='ocrx_word' id='word_1_342' title='bbox 520 2064 558 2102; x_wconf 86' lang='lat'>&amp;</span> <span class='ocrx_word' id='word_1_343' title='bbox 575 2064 716 2112; x_wconf 87' lang='lat' dir='ltr'><strong>Spicae</strong></span> <span class='ocrx_word' id='word_1_344' title='bbox 728 2064 920 2111; x_wconf 87' lang='lat' dir='ltr'><strong>Virginis</strong></span> <span class='ocrx_word' id='word_1_345' title='bbox 936 2070 1043 2111; x_wconf 91' lang='lat' dir='ltr'><strong>part.</strong></span> <span class='ocrx_word' id='word_1_346' title='bbox 1058 2064 1110 2102; x_wconf 89' lang='lat'><strong>13.</strong></span> <span class='ocrx_word' id='word_1_347' title='bbox 1128 2066 1233 2101; x_wconf 86' lang='lat' dir='ltr'><strong>min.</strong></span> <span class='ocrx_word' id='word_1_348' title='bbox 1246 2064 1306 2103; x_wconf 55' lang='lat'><strong>311</strong></span> 
     </span>
     <span class='ocr_line' id='line_1_43' title="bbox 111 2116 1306 2165; baseline 0 -9"><span class='ocrx_word' id='word_1_349' title='bbox 111 2127 187 2164; x_wconf 90' lang='lat' dir='ltr'><strong>per</strong></span> <span class='ocrx_word' id='word_1_350' title='bbox 210 2116 476 2156; x_wconf 86' lang='lat' dir='ltr'><strong>Sextantem.</strong></span> <span class='ocrx_word' id='word_1_351' title='bbox 510 2117 760 2156; x_wconf 90' lang='lat' dir='ltr'><strong>Declinatio</strong></span> <span class='ocrx_word' id='word_1_352' title='bbox 786 2117 970 2155; x_wconf 87' lang='lat' dir='ltr'><strong>Veneris</strong></span> <span class='ocrx_word' id='word_1_353' title='bbox 995 2123 1102 2165; x_wconf 90' lang='lat' dir='ltr'><strong>part.</strong></span> <span class='ocrx_word' id='word_1_354' title='bbox 1129 2118 1165 2155; x_wconf 93' lang='lat'><strong>9.</strong></span> <span class='ocrx_word' id='word_1_355' title='bbox 1194 2116 1219 2165; x_wconf 83' lang='lat' dir='ltr'><strong>l.</strong></span> <span class='ocrx_word' id='word_1_356' title='bbox 1247 2117 1306 2157; x_wconf 60' lang='lat'><strong>13}</strong></span> 
     </span>
    </p>

    <p class='ocr_par' dir='ltr' id='par_1_17' title="bbox 111 2169 1308 2219">
     <span class='ocr_line' id='line_1_44' title="bbox 111 2169 1308 2219; baseline 0.001 -11"><span class='ocrx_word' id='word_1_357' title='bbox 111 2169 268 2209; x_wconf 89' lang='lat' dir='ltr'><strong>Merid.</strong></span> <span class='ocrx_word' id='word_1_358' title='bbox 294 2170 544 2210; x_wconf 92' lang='lat' dir='ltr'><strong>Declinatio</strong></span> <span class='ocrx_word' id='word_1_359' title='bbox 568 2171 708 2219; x_wconf 86' lang='lat' dir='ltr'><strong>Spicae</strong></span> <span class='ocrx_word' id='word_1_360' title='bbox 735 2177 783 2219; x_wconf 73' lang='lat' dir='ltr'><strong>np</strong></span> <span class='ocrx_word' id='word_1_361' title='bbox 809 2176 917 2218; x_wconf 90' lang='lat' dir='ltr'><strong>part.</strong></span> <span class='ocrx_word' id='word_1_362' title='bbox 941 2171 977 2209; x_wconf 93' lang='lat'><strong>8.</strong></span> <span class='ocrx_word' id='word_1_363' title='bbox 1004 2170 1028 2218; x_wconf 83' lang='lat' dir='ltr'><strong>l.</strong></span> <span class='ocrx_word' id='word_1_364' title='bbox 1053 2171 1121 2210; x_wconf 39' lang='lat'><strong>57⁷1</strong></span> <span class='ocrx_word' id='word_1_365' title='bbox 1150 2171 1308 2209; x_wconf 89' lang='lat' dir='ltr'><strong>Merid.</strong></span> 
     </span>
    </p>

    <p class='ocr_par' dir='ltr' id='par_1_18' title="bbox 110 2223 1309 2272">
     <span class='ocr_line' id='line_1_45' title="bbox 110 2223 1309 2272; baseline 0 -10"><span class='ocrx_word' id='word_1_366' title='bbox 110 2223 307 2263; x_wconf 84' lang='lat' dir='ltr'><strong>Altitudo</strong></span> <span class='ocrx_word' id='word_1_367' title='bbox 326 2228 354 2268; x_wconf 73' lang='lat' dir='ltr'>Q</span> <span class='ocrx_word' id='word_1_368' title='bbox 372 2230 475 2263; x_wconf 93' lang='lat' dir='ltr'><strong>tunc</strong></span> <span class='ocrx_word' id='word_1_369' title='bbox 491 2224 723 2272; x_wconf 87' lang='lat' dir='ltr'><strong>Temporis</strong></span> <span class='ocrx_word' id='word_1_370' title='bbox 739 2230 830 2262; x_wconf 88' lang='lat' dir='ltr'><strong>erat</strong></span> <span class='ocrx_word' id='word_1_371' title='bbox 847 2224 907 2264; x_wconf 66' lang='lat'><strong>21³2</strong></span> <span class='ocrx_word' id='word_1_372' title='bbox 927 2231 1034 2272; x_wconf 92' lang='lat' dir='ltr'><strong>part.</strong></span> <span class='ocrx_word' id='word_1_373' title='bbox 1053 2225 1172 2262; x_wconf 92' lang='lat' dir='ltr'><strong>Hinc</strong></span> <span class='ocrx_word' id='word_1_374' title='bbox 1189 2224 1309 2262; x_wconf 83' lang='lat' dir='ltr'><strong>diffe-</strong></span> 
     </span>
    </p>

    <p class='ocr_par' dir='ltr' id='par_1_19' title="bbox 110 2277 1310 2326">
     <span class='ocr_line' id='line_1_46' title="bbox 110 2277 1310 2326; baseline 0.001 -11"><span class='ocrx_word' id='word_1_375' title='bbox 110 2279 249 2316; x_wconf 89' lang='lat' dir='ltr'><strong>rentia</strong></span> <span class='ocrx_word' id='word_1_376' title='bbox 259 2277 429 2316; x_wconf 80' lang='lat' dir='ltr'><strong>Ascens.</strong></span> <span class='ocrx_word' id='word_1_377' title='bbox 446 2281 472 2322; x_wconf 73' lang='lat' dir='ltr'>Q</span> <span class='ocrx_word' id='word_1_378' title='bbox 488 2277 526 2316; x_wconf 68' lang='grc' dir='ltr'><strong>δι</strong></span> <span class='ocrx_word' id='word_1_379' title='bbox 537 2278 677 2326; x_wconf 86' lang='lat' dir='ltr'><strong>Spicae</strong></span> <span class='ocrx_word' id='word_1_380' title='bbox 696 2284 744 2326; x_wconf 74' lang='grc' dir='ltr'><strong>τη)</strong></span> <span class='ocrx_word' id='word_1_381' title='bbox 761 2280 883 2316; x_wconf 84' lang='lat' dir='ltr'><strong>iuxta</strong></span> <span class='ocrx_word' id='word_1_382' title='bbox 900 2278 1087 2316; x_wconf 91' lang='lat' dir='ltr'><strong>eandem</strong></span> <span class='ocrx_word' id='word_1_383' title='bbox 1104 2278 1310 2326; x_wconf 88' lang='lat' dir='ltr'><strong>Figuram</strong></span> 
     </span>
    </p>

    <p class='ocr_par' dir='ltr' id='par_1_20' title="bbox 110 2331 1554 2433">
     <span class='ocr_line' id='line_1_47' title="bbox 110 2331 1554 2380; baseline 0.001 -12"><span class='ocrx_word' id='word_1_384' title='bbox 110 2331 156 2368; x_wconf 92' lang='lat' dir='ltr'><strong>in</strong></span> <span class='ocrx_word' id='word_1_385' title='bbox 180 2342 268 2378; x_wconf 91' lang='lat' dir='ltr'><strong>qua</strong></span> <span class='ocrx_word' id='word_1_386' title='bbox 294 2331 331 2370; x_wconf 95' lang='lat' dir='ltr'>C</span> <span class='ocrx_word' id='word_1_387' title='bbox 353 2331 518 2375; x_wconf 93' lang='lat' dir='ltr'><strong>Venus,</strong></span> <span class='ocrx_word' id='word_1_388' title='bbox 545 2332 578 2370; x_wconf 90' lang='grc' dir='ltr'><strong>Β</strong></span> <span class='ocrx_word' id='word_1_389' title='bbox 605 2331 780 2380; x_wconf 90' lang='lat' dir='ltr'><strong>Spicam</strong></span> <span class='ocrx_word' id='word_1_390' title='bbox 805 2331 994 2380; x_wconf 89' lang='lat' dir='ltr'><strong>Virginis</strong></span> <span class='ocrx_word' id='word_1_391' title='bbox 1020 2332 1308 2380; x_wconf 78' lang='lat' dir='ltr'><strong>repraesentet,</strong></span> <span class='ocrx_word' id='word_1_392' title='bbox 1533 2348 1554 2374; x_wconf 66' lang='grc' dir='ltr'><strong>Α</strong></span> 
     </span>
     <span class='ocr_line' id='line_1_48' title="bbox 111 2383 1308 2433; baseline 0.001 -11"><span class='ocrx_word' id='word_1_393' title='bbox 111 2383 294 2423; x_wconf 88' lang='lat' dir='ltr'><strong>dabitur.</strong></span> <span class='ocrx_word' id='word_1_394' title='bbox 312 2385 432 2423; x_wconf 87' lang='lat' dir='ltr'><strong>Nam</strong></span> <span class='ocrx_word' id='word_1_395' title='bbox 449 2385 582 2424; x_wconf 90' lang='lat' dir='ltr'><strong>Latus</strong></span> <span class='ocrx_word' id='word_1_396' title='bbox 596 2385 677 2424; x_wconf 91' lang='lat' dir='ltr'><strong>CA</strong></span> <span class='ocrx_word' id='word_1_397' title='bbox 694 2385 749 2423; x_wconf 84' lang='lat' dir='ltr'><strong>est</strong></span> <span class='ocrx_word' id='word_1_398' title='bbox 762 2385 1152 2433; x_wconf 89' lang='lat' dir='ltr'><strong>Complementum</strong></span> <span class='ocrx_word' id='word_1_399' title='bbox 1165 2385 1308 2423; x_wconf 92' lang='lat' dir='ltr'><strong>Decli-</strong></span> 
     </span>
    </p>

    <p class='ocr_par' dir='ltr' id='par_1_21' title="bbox 110 2438 1761 2487">
     <span class='ocr_line' id='line_1_49' title="bbox 110 2438 1761 2487; baseline 0.001 -11"><span class='ocrx_word' id='word_1_400' title='bbox 110 2439 299 2477; x_wconf 91' lang='lat' dir='ltr'><strong>nationis</strong></span> <span class='ocrx_word' id='word_1_401' title='bbox 314 2438 498 2477; x_wconf 88' lang='lat' dir='ltr'><strong>Veneris</strong></span> <span class='ocrx_word' id='word_1_402' title='bbox 515 2439 570 2477; x_wconf 92' lang='lat' dir='ltr'><strong>ad</strong></span> <span class='ocrx_word' id='word_1_403' title='bbox 587 2439 743 2477; x_wconf 91' lang='lat' dir='ltr'><strong>Polum</strong></span> <span class='ocrx_word' id='word_1_404' title='bbox 759 2439 1007 2477; x_wconf 81' lang='lat' dir='ltr'><strong>Australem</strong></span> <span class='ocrx_word' id='word_1_405' title='bbox 1022 2445 1130 2487; x_wconf 89' lang='lat' dir='ltr'><strong>part.</strong></span> <span class='ocrx_word' id='word_1_406' title='bbox 1148 2439 1210 2477; x_wconf 91' lang='lat'><strong>80.</strong></span> <span class='ocrx_word' id='word_1_407' title='bbox 1230 2438 1254 2487; x_wconf 84' lang='lat' dir='ltr'><strong>l.</strong></span> <span class='ocrx_word' id='word_1_408' title='bbox 1273 2440 1357 2478; x_wconf 65' lang='lat'><strong>463.</strong></span> <span class='ocrx_word' id='word_1_409' title='bbox 1381 2440 1458 2477; x_wconf 90' lang='lat' dir='ltr'><strong>BA</strong></span> <span class='ocrx_word' id='word_1_410' title='bbox 1475 2446 1582 2487; x_wconf 88' lang='lat' dir='ltr'><strong>part.</strong></span> <span class='ocrx_word' id='word_1_411' title='bbox 1595 2439 1648 2477; x_wconf 90' lang='lat'><strong>81.</strong></span> <span class='ocrx_word' id='word_1_412' title='bbox 1666 2438 1690 2485; x_wconf 76' lang='lat' dir='ltr'><strong>l.</strong></span> <span class='ocrx_word' id='word_1_413' title='bbox 1704 2439 1761 2478; x_wconf 73' lang='grc' dir='ltr'><strong>2ξ,</strong></span> 
     </span>
    </p>
   </div>
   <div class='ocr_carea' id='block_1_13' title="bbox 111 2489 1762 2583">
    <p class='ocr_par' dir='ltr' id='par_1_22' title="bbox 111 2489 1762 2583">
     <span class='ocr_line' id='line_1_50' title="bbox 111 2489 1762 2583; baseline 0 -54"><span class='ocrx_word' id='word_1_414' title='bbox 111 2489 498 2539; x_wconf 90' lang='lat' dir='ltr'><strong>Complementum</strong></span> <span class='ocrx_word' id='word_1_415' title='bbox 515 2492 837 2530; x_wconf 89' lang='lat' dir='ltr'><strong>Declinationis</strong></span> <span class='ocrx_word' id='word_1_416' title='bbox 853 2492 994 2540; x_wconf 86' lang='lat' dir='ltr'><strong>Spicae</strong></span> <span class='ocrx_word' id='word_1_417' title='bbox 1010 2493 1200 2540; x_wconf 87' lang='lat' dir='ltr'><strong>Virginis</strong></span> <span class='ocrx_word' id='word_1_418' title='bbox 1217 2494 1271 2531; x_wconf 92' lang='lat' dir='ltr'><strong>ad</strong></span> <span class='ocrx_word' id='word_1_419' title='bbox 1290 2493 1479 2530; x_wconf 90' lang='lat' dir='ltr'><strong>eundem</strong></span> <span class='ocrx_word' id='word_1_420' title='bbox 1497 2493 1665 2583; x_wconf 55' lang='lat' dir='ltr'><strong>Poldugi.</strong></span> <span class='ocrx_word' id='word_1_421' title='bbox 1684 2492 1716 2529; x_wconf 89' lang='lat' dir='ltr'>B</span> <span class='ocrx_word' id='word_1_422' title='bbox 1724 2492 1762 2552; x_wconf 95' lang='lat' dir='ltr'>C</span> 
     </span>
     <span class='ocr_line' id='line_1_51' title="bbox 1595 2552 1761 2582; baseline -0.006 0"><span class='ocrx_word' id='word_1_423' title='bbox 1595 2558 1607 2582; x_wconf 90' lang='lat'>1</span> <span class='ocrx_word' id='word_1_424' title='bbox 1643 2552 1761 2582; x_wconf 79' lang='lat' dir='ltr'><strong>antia</strong></span> 
     </span>
    </p>
   </div>
  </div>
 </body>
</html>
