2243 3225
388 205 464 243 356
762 196 1214 238 ASTRONOMIAE
1235 193 1658 234 INSTAURATAE

389 308 631 347 mentaliter
657 306 894 348 obseruata,
921 304 1018 342 satis
1044 303 1267 345 consentin
1294 301 1488 340 abundat
1514 302 1633 338 enim
1658 300 1807 338 saltem
1831 300 2032 348 scrupulo

389 362 579 403 dimidio,
598 359 715 406 quod
732 358 802 395 hic
819 357 874 395 eft
890 356 1141 394 insenfibile.
1164 355 1368 402 Cumque
1386 353 1578 392 eiusdem
1593 353 1820 401 Trianguli
1835 355 1925 392 iam
1942 365 2032 392 om-

388 418 462 453 nia
482 413 669 451 constent
689 414 771 449 tria
792 411 959 453 Latera,
981 409 1183 457 Angulus
1204 408 1327 446 ΕΑΒ
1348 419 1425 455 per
1442 407 1758 454 Operationem
1773 406 2032 455 Triangulo-

388 479 484 505 rum
501 466 825 513 Sphaericorum
843 462 1089 506 innotescet,
1107 462 1149 499 P.
1167 462 1237 499 110.
1257 459 1282 508 l.
1299 461 1325 498 l.
1344 459 1387 508 ll.
1405 461 1468 498 47.

441 519 612 558 Deinde
634 521 678 555 in
698 516 937 564 Triangulo
959 515 1100 557 ACB,
1125 516 1339 562 quoniam
1359 519 1464 551 nota
1487 513 1583 551 sunt
1603 515 1755 551 omnia
1775 515 1857 552 tria
1877 513 2035 552 Latera
2072 527 2087 552 5

388 573 472 611 AC
489 578 595 620 part.
613 572 648 609 5.
667 569 691 618 l.
710 571 762 612 19.
785 582 860 617 per
876 568 1120 607 distantiam
1137 568 1284 605 Nouae
1301 568 1327 604 a
1342 567 1546 614 suprema
1561 566 1810 610 Caffledrae,
1828 566 1908 605 BC
1923 568 2036 605 inter

388 627 501 664 hanc
527 625 564 662 &
591 625 836 665 Flexuram‚
862 628 968 670 part.
993 622 1029 659 5.
1055 620 1081 669 l.
1105 621 1141 659 2.
1168 621 1250 658 BA
1275 632 1380 658 vero
1406 619 1495 667 ipsa
1521 620 1730 658 Fixarum
1754 619 2035 667 intercapedo

388 685 493 727 part.
509 679 544 716 6.
564 677 588 725 s.
603 678 677 719 12³2,
695 676 866 714 dabitur
883 686 1060 722 quoque
1076 674 1279 722 Angulus
1296 673 1424 711 BAC
1440 679 1548 721 part.
1565 674 1619 711 51.
1639 671 1664 720 l.
1681 673 1717 711 9.
1737 671 1780 721 ll.
1797 673 1834 717 2,
1851 675 1926 720 qui
1941 672 2035 711 sub-

388 734 500 771 latus
523 732 576 769 ab
598 730 774 778 Angulo
799 729 921 766 EAB
944 730 1064 775 prius
1087 730 1283 771 inuento,
1306 732 1520 774 tanquam
1543 737 1644 774 pars
1667 727 1719 764 de
1742 726 1819 764 suo
1841 732 1944 771 toto,
1972 737 2036 764 re-

388 786 545 832 linquit
569 783 794 831 Angulum
826 781 969 824 EAC,
1001 783 1046 819 in
1071 780 1311 828 Triangulo
1336 779 1469 818 AEC
1499 785 1666 823 notum,
1696 785 1804 827 part.
1831 779 1893 818 58.
1921 777 1946 827 Ι.
1972 779 2035 818 52.
2077 793 2106 818 ιο

390 838 419 886 ll
443 891 572 928 Nunc
598 892 744 936 itaque
768 889 822 926 ad
847 886 1008 925 dictum
1031 887 1321 935 Triangulum
1343 886 1472 924 AEC
1494 886 1782 924 transeuntes:
1809 885 2037 933 Quoniam

389 945 492 982 bina
507 946 599 981 eius
612 943 768 980 Latera
780 953 879 979 cum
891 941 1069 989 Angulo
1085 940 1345 978 intermedio
1362 942 1660 983 innotuerunt,
1673 939 1768 983 ΑΕ,
1780 939 1823 977 P.
1836 939 1899 978 38.
1913 938 1939 987 Ι.
1951 939 2037 983 45ὲ,

392 997 634 1044 Complem.
649 996 771 1033 Latit.
785 994 962 1032 Lucidae
978 994 1225 1033 Cathedrae.
1243 993 1329 1032 AC
1346 999 1452 1041 part.
1466 994 1501 1031 5.
1517 991 1542 1040 l.
1556 993 1609 1037 19,
1627 992 1824 1031 distantia
1839 992 2038 1031 videlicet

392 1051 538 1088 Nouae
555 1050 608 1087 ab
626 1049 708 1086 hac
725 1048 824 1096 ipsa.
842 1047 1045 1095 Angulus
1061 1059 1166 1085 vero
1184 1047 1311 1085 CAE
1327 1049 1417 1085 iam
1433 1048 1564 1084 antea
1579 1046 1807 1084 indicatus.
1829 1046 1942 1094 Ergo
1957 1051 2038 1084 ter·
2080 1059 2108 1084 15

391 1107 500 1141 tium
526 1103 658 1140 Latus
684 1101 762 1141 CE
788 1103 990 1148 prouenit
1016 1107 1122 1148 part.
1145 1101 1207 1139 36.
1231 1099 1256 1148 l.
1274 1101 1327 1138 15.
1351 1098 1394 1148 ll.
1411 1100 1448 1143 9,
1475 1100 1593 1147 quod
1619 1096 2039 1149 Complementumu

393 1156 652 1195 Latitudinis
672 1155 819 1192 Nouae
841 1154 986 1192 Stellae
1008 1153 1198 1198 exhibet;
1221 1153 1259 1191 &
1280 1165 1333 1191 ex
1353 1151 1576 1201 patefactis
1597 1155 1686 1191 iam
1707 1155 1753 1190 in
1774 1153 1931 1191 eodem
1947 1152 2039 1190 Tri·
2063 1159 2125 1191 373

391 1209 552 1257 angulo
564 1209 699 1246 tribus
712 1208 951 1250 Lateribus.
963 1207 1124 1255 Angul.
1137 1207 1265 1245 AEC
1278 1219 1369 1244 non
1380 1206 1668 1255 subterfugiet‚
1681 1206 1876 1244 euadens
1887 1206 2039 1254 part.7.

393 1263 417 1310 Ι.
435 1263 496 1300 42.
516 1261 558 1309 ll.
577 1262 638 1299 34.
662 1261 887 1299 Mensurat
908 1267 1056 1299 autem
1077 1260 1148 1298 hic
1164 1260 1368 1308 Angulus
1384 1261 1551 1298 Arcum
1568 1259 1788 1307 Eclipticae
1805 1259 1890 1298 FH
1911 1261 2039 1298 inter-

392 1322 564 1363 ceptum
574 1315 853 1362 Longitudini
862 1314 1007 1352 Stellae
1016 1314 1193 1352 Lucidae
1202 1316 1248 1351 in
1258 1313 1482 1352 Cathedra
1490 1313 1728 1361 Cassiopeae
1738 1318 1869 1361 atque
1879 1312 2039 1351 Nouae.
2078 1325 2111 1351 20

392 1370 541 1416 Quare
558 1380 656 1406 cum
675 1370 888 1406 recentior
905 1367 1037 1406 Stella
1053 1367 1229 1405 vlterior
1247 1367 1375 1405 fuerit
1391 1366 1630 1405 secundum
1647 1366 1881 1415 Signorum
1897 1365 2041 1404 conse·

392 1424 629 1470 quendam,
643 1433 777 1468 quam
788 1421 1025 1468 Cassiopeae
1036 1421 1270 1459 Cathedra.
1284 1420 1488 1459 addenda
1496 1422 1615 1458 venit
1625 1419 1721 1458 haec
1731 1419 1989 1464 differentia,
1998 1425 2042 1457 vt

392 1476 636 1523 Longitudo
653 1475 800 1512 Nouae
817 1474 962 1513 Stellae
980 1474 1158 1522 quaefita
1174 1476 1408 1522 proueniat
1424 1476 1469 1511 in
1485 1479 1592 1521 part.
1610 1473 1646 1512 6.
1665 1472 1690 1521 l.
1708 1474 1770 1512 54.
1790 1472 1833 1521 ll.
1845 1474 1869 1511 4
1886 1475 1944 1518 8,
1961 1473 2041 1511 La-

392 1530 573 1567 titudine
591 1531 683 1566 eius
701 1540 722 1565 e
741 1528 1079 1575 Complemento
1096 1529 1227 1566 antea
1242 1527 1446 1571 indicato,
1466 1526 1712 1575 profiliente
1728 1533 1837 1575 part.
1853 1526 1917 1565 53.
1936 1525 1961 1574 l.
1978 1527 2041 1564 44.

395 1582 436 1629 sl.
454 1583 507 1625 51,
525 1593 625 1629 quae
641 1581 766 1619 fimul
782 1580 998 1620 antedicto
1014 1582 1204 1629 processu
1220 1580 1507 1629 peruestigare
1525 1580 1835 1619 constituimus.
2078 1592 2110 1618 2⁵

447 1636 577 1673 Nunc
593 1636 771 1673 assumta
787 1635 842 1673 ad
859 1635 1071 1673 Lucidam
1084 1634 1319 1673 Cathedrae
1332 1646 1396 1677 ea,
1414 1646 1515 1682 quae
1527 1634 1640 1673 estin
1652 1632 1840 1677 Peclore‚
1857 1632 2043 1681 idipsum

394 1691 487 1736 pari
505 1690 848 1726 ratiocinationis
864 1688 1073 1726 methodo
1091 1688 1430 1736 explorabimus.

434 1804 509 1841 EX
531 1804 759 1842 LUCIDA
782 1803 1130 1842 CATHEDRAE
1151 1803 1357 1850 ATQUE
1379 1803 1468 1846 EA.
1491 1803 1635 1850 QUAE
1657 1803 1720 1841 IN
1741 1801 2008 1842 PECTORE

586 1865 922 1904 CASSIOPEAE
944 1866 1059 1908 EST.
1082 1866 1342 1904 SCHEDIR
1364 1865 1562 1908 DICTA.
1585 1865 1853 1904 EIUSDEM

947 1928 1133 1966 SITUM
1156 1928 1487 1966 INDAGARE.
2081 1938 2114 1964 ³0

1193 1990 1242 2027 II.

503 2060 806 2098 EDOMENA
828 2061 898 2098 hic
915 2062 1165 2099 assumenda
1181 2061 1234 2099 fic
1250 2061 1425 2099 habent.
1443 2061 1656 2099 Distantia
1674 2061 1820 2099 Nouae
1838 2071 1864 2098 a
1881 2059 2045 2098 Lucida

517 2113 762 2155 Cathedrae.
786 2120 826 2152 vt
844 2117 976 2161 prius,
999 2121 1105 2162 part.
1123 2116 1158 2153 5.
1179 2114 1203 2161 Ι.
1222 2115 1279 2157 19;
1297 2127 1323 2152 a
1339 2115 1520 2153 Schedir
1535 2121 1684 2153 autem
1701 2114 1743 2152 P.
1761 2114 1797 2152 7.
1816 2112 1842 2161 l.
1859 2113 1944 2153 503.
1966 2113 2044 2152 Sit-

398 2179 481 2213 que
506 2167 627 2204 locus
648 2167 827 2205 Schedir
849 2168 902 2209 D,
928 2175 1083 2206 caetera
1105 2175 1147 2205 vt
1171 2174 1301 2206 antea
1325 2168 1364 2206 l'e
1386 2168 1560 2206 habent.
1586 2168 1736 2215 Quare
1759 2169 1952 2215 primum
1975 2177 2045 2204 ex·

398 2220 635 2266 pendentes
651 2220 939 2268 Triangulum
956 2222 1101 2263 AED.
1124 2233 1176 2259 ex
1198 2222 1308 2259 datis
1326 2222 1497 2260 duobus
1514 2223 1608 2260 eius
1626 2221 1852 2259 Lateribus
1869 2220 1954 2258 DE
1970 2231 2046 2268 per
2083 2231 2115 2258 35

399 2273 784 2320 Complementum
810 2274 1068 2312 Latitudinis
1090 2275 1269 2313 Schedir
1292 2282 1398 2322 part.
1420 2275 1482 2313 43.
1507 2274 1532 2322 Ι.
1554 2275 1638 2313 24ζΐ.
1663 2274 1746 2312 ΑΕ
1766 2286 1819 2312 ex
1841 2273 2045 2321 Comple-

400 2332 546 2363 mento
570 2327 752 2364 Latitud.
772 2327 947 2364 Lucidae
966 2328 1200 2366 Cathedrae
1221 2328 1261 2365 P.
1280 2328 1342 2366 38.
1362 2328 1386 2375 l.
1405 2330 1489 2370 453.
1512 2328 1550 2366 &
1571 2340 1658 2366 vna
1680 2330 1852 2376 cognito
1869 2326 2047 2375 Angulo

400 2382 635 2426 intercepto
664 2392 738 2426 per
763 2380 1053 2418 differentiam
1081 2382 1382 2429 Longitudinis
1413 2383 1654 2420 earundem
1681 2381 1916 2420 Stellarum
1941 2380 1984 2418 P.
2010 2379 2046 2418 2.

402 2431 426 2478 l.
449 2433 510 2469 42.
537 2432 730 2470 Tertium
759 2434 890 2470 Latus
916 2434 1003 2471 DA
1032 2437 1255 2472 inuenitur
1281 2442 1387 2481 part.
1409 2437 1444 2473 4.
1469 2435 1493 2482 l.
1516 2436 1578 2478 59.
1605 2435 1723 2483 quod
1749 2434 1787 2473 &
1813 2433 2047 2473 Stellarum

402 2488 510 2522 inter
527 2485 565 2523 se
584 2489 872 2524 remotionem
891 2488 1062 2528 indicat,
1080 2500 1179 2525 cum
1197 2488 1377 2535 desuper
1390 2489 1617 2527 obseruata
1629 2490 1826 2536 apprime
1839 2488 2047 2526 conueni·
2084 2497 2117 2523 4ο

1889 2546 2046 2579 entem.
