2243 3225
401 212 476 250 338
773 205 1227 246 ASTRONOMIAE
1247 202 1670 242 INSTAURATAE

443 1070 843 1117 QUARUNDAM
864 1069 1222 1109 STELLARUM
1244 1068 1582 1108 CASSIOPEAE
1603 1069 1644 1106 A
1666 1068 1991 1108 CYNOSURA

768 1131 1106 1179 EXQUISITAE
1126 1130 1654 1170 INTERCAPEDINES.

442 1591 552 1629 Haec
569 1590 756 1635 fuerunt,
774 1602 874 1638 quae
891 1592 1060 1629 ratione
1077 1590 1376 1629 distantiarum
1390 1590 1538 1628 Nouae
1555 1590 1610 1629 ab
1626 1590 1724 1638 alijs
1740 1592 1786 1628 in
1798 1589 2036 1638 Cassiopea,

389 1644 716 1691 earundemque
739 1646 851 1682 inter
872 1644 925 1687 se.
949 1651 1043 1682 tum
1065 1656 1142 1692 per
1164 1644 1248 1682 hoc
1272 1643 1622 1687 Instrumentum,
1646 1650 1740 1682 tum
1762 1643 2035 1687 limitatione,
2073 1655 2107 1681 2⁵

389 1698 485 1746 alijs
497 1697 767 1744 quibusdam,
780 1697 987 1741 adhibita,
1000 1700 1046 1735 in
1057 1697 1223 1736 nostros
1235 1697 1333 1735 vsus
1345 1709 1424 1745 pro
1436 1698 1719 1745 Apparentijs
1731 1696 1864 1735 huius
1875 1696 2036 1736 Sideris

388 1750 539 1788 insueti
556 1751 866 1799 dignoscendis.
883 1751 1218 1789 accommodare
1236 1753 1583 1799 operaeprecium
1598 1751 1817 1789 duximus.
2073 1757 2093 1788 †

441 1804 674 1842 Sciendum
691 1816 807 1848 vero,
825 1805 942 1852 quod
960 1804 1148 1843 eandem
1164 1805 1399 1843 obtinuerit
1415 1804 1511 1842 haec
1525 1804 1659 1843 Stella
1670 1804 1944 1842 Neotericaa
1955 1815 2036 1842 cae-

388 1860 487 1895 teris
499 1857 672 1905 praecise
685 1859 1068 1905 intercapedinem,
1081 1860 1126 1895 in
1139 1869 1418 1906 quocunque.
1433 1864 1557 1896 motu
1569 1857 1770 1900 vniuerfi.
1787 1863 2037 1896 cerneretur

388 1910 476 1953 [itu.
498 1911 584 1948 fiue
604 1911 731 1958 supra
747 1911 915 1953 Polum,
937 1911 1024 1949 fiue
1042 1911 1166 1955 infra,
1189 1918 1264 1950 aut
1285 1914 1418 1950 etiam
1434 1912 1490 1950 ad
1506 1918 1739 1959 Vtrumque
1756 1911 1902 1955 Latus,
1923 1910 2036 1949 adeo
2073 1922 2106 1948 ³0

388 1970 429 2001 vt
446 1964 629 2007 nullum,
647 1976 701 2002 ne
718 1967 953 2003 minimum
971 1961 984 2015 ΙΙ
1001 1965 1192 2012 quidem,
1209 1965 1298 2003 vllo
1315 1967 1360 2003 in
1376 1965 1474 2003 loco
1491 1964 1718 2003 discrimen
1734 1963 2035 2012 persentiscere
2059 1969 2122 2002 347

389 2018 567 2061 licuerit,
589 2018 766 2066 Angulo
784 2018 1057 2056 Instrumenti
1074 2018 1376 2066 saepenumero
1393 2018 1580 2061 firmato,
1602 2017 1858 2066 prorsusque
1879 2017 2036 2056 eodem

388 2077 683 2116 permanente,
711 2073 876 2109 interea
900 2072 1005 2109 dum
1028 2074 1073 2109 in
1096 2072 1336 2110 sublimiori
1360 2074 1482 2110 iuxta
1504 2074 1722 2116 verticem,
1747 2071 1785 2109 &
1808 2071 2036 2109 decliuiori

389 2124 532 2161 versus
559 2124 850 2162 Horizontem
876 2125 1025 2172 positu.
1057 2125 1317 2163 Obseruatio
1343 2125 1645 2168 reiterabatur:
1677 2125 1714 2164 &
1744 2124 2036 2163 nihilominus

390 2177 567 2214 Nouam
589 2178 702 2215 hanc
724 2190 750 2215 a
772 2181 929 2225 quauis
950 2179 1037 2216 alia
1059 2179 1216 2216 eodem
1234 2179 1407 2227 prorsus
1423 2179 1556 2217 modo
1573 2177 1827 2217 difiunelam
1844 2177 2034 2216 ostende-
2072 2190 2106 2216 35

389 2230 476 2271 bau
495 2230 616 2267 nullo
633 2233 812 2268 maioris
825 2232 892 2268 vel
909 2234 1091 2269 minoris
1109 2233 1445 2280 intercapedinis
1461 2239 1700 2280 apparente
1713 2231 1899 2280 vestigio.
1916 2231 2035 2279 quod

389 2285 582 2321 maxima
599 2284 819 2331 diligentia
836 2285 1002 2332 aliquot
1014 2286 1179 2323 vicibus
1195 2285 1405 2324 scrutatus
1421 2286 1531 2328 sum:
1550 2297 1650 2324 cum
1662 2285 1960 2324 Parallaxium
1972 2287 2034 2323 in-

389 2336 569 2382 quintio,
593 2348 691 2383 quae
714 2340 922 2385 praecipui
940 2338 993 2376 est
1010 2342 1221 2376 momenti
1245 2340 1313 2385 (de
1331 2351 1419 2387 qua
1435 2339 1580 2387 postea
1596 2339 1741 2387 agam)
1763 2339 1865 2377 hinc
1884 2338 2035 2387 potissi-

389 2400 510 2426 mum
533 2390 790 2437 dependeat:
814 2391 969 2438 Neque
991 2394 1109 2429 enim
1131 2392 1213 2430 hoc
1236 2391 1360 2439 pacto
1382 2393 1563 2435 interest.
1584 2392 1613 2430 fi
1634 2393 1835 2440 pauculis
1855 2393 2035 2430 minutis

390 2442 724 2480 Instrumentum
746 2443 877 2481 suisset
895 2445 1106 2487 vitiosum.
1129 2457 1228 2483 cum
1245 2458 1358 2484 vnus
1380 2446 1417 2484 &
1439 2447 1554 2484 idem
1572 2446 1731 2494 vbique
1752 2444 2035 2494 permanserit
2071 2456 2105 2482 4ο

389 2496 602 2543 Angulus.
620 2509 751 2543 quem
765 2509 818 2534 ne
832 2510 1064 2536 numerare
1078 2499 1256 2545 quidem
1269 2506 1459 2546 quantus
1472 2499 1611 2542 fuerit.
1624 2511 1735 2548 opus
1747 2505 1850 2538 erat.
1868 2497 2035 2538 Sufficit

1904 2552 2034 2601 plane

2064 307 2129 340 ³⁴⁶

1044 409 1067 447 3
1148 409 1197 446 In
1214 407 1406 456 Cingulo
1781 407 1805 444 4

488 465 600 512 Quae
618 464 672 502 est
688 467 733 502 in
750 464 904 511 Capite
1044 463 1068 500 5
1147 461 1197 499 In
1212 461 1379 508 Poplite
1781 407 1966 498 916

496 529 682 556 numero
698 518 712 555 l
729 516 849 555 distat
865 528 892 554 a
1045 515 1069 553 6
1147 514 1197 552 In
1214 514 1354 553 Crure
1764 512 1805 550 13
1868 552 1870 562 Δ
1914 512 1965 551 53

1044 569 1067 606 7
1147 568 1353 605 Extrema
1368 566 1491 614 pedis
1764 565 1807 604 18
1869 595 1870 607 ,
1914 566 1965 604 54
2078 578 2094 604 ⁵

468 668 581 715 <212ae
599 667 920 715 ω
990 640 1067 730 ιε
1146 638 1378 730 ξὲῖεξξ
1781 637 1805 728 3
1868 637 1988 729 εξ

542 724 667 759 tertia
683 721 802 759 distat
818 732 844 758 a
1043 746 1066 783 7
1146 745 1352 782 Extrema
1368 744 1490 792 pedis
1763 743 1804 781 14
1868 722 1869 772 l
1913 744 1964 782 45

429 819 542 865 Quae
561 821 606 856 in
625 819 786 866 poplite
803 829 954 855 nume-
988 818 995 861 l
1042 816 1066 854 6
1042 804 1115 919 7*
1146 816 1195 853 In
1213 815 1353 854 Crure
1696 801 1702 917 1
1780 814 1805 852 4
1868 814 1869 855 1
1913 814 1966 853 50

494 884 542 909 ro
559 874 711 918 quinta
728 871 847 909 distat
863 883 889 908 a
1145 869 1352 907 Extrema
1367 868 1489 916 pedis
1780 867 1805 906 9
2081 879 2112 906 ιο

446 942 585 989 Quae
575 955 620 980 in
637 954 760 980 crure
777 942 898 980 distat
914 953 940 979 a
1042 941 1066 978 6
1145 940 1426 978 Extremitate
1442 940 1565 987 pedis
1780 940 1804 978 5
