2243 3225
397 203 474 241 432
770 196 1222 237 ASTRONOMIAE
1244 193 1666 233 INSTAURATAE

396 309 647 354 Antiquitus
672 305 901 342 distributae
926 303 1032 341 sunt.
1059 303 1229 349 Vbique
1252 312 1357 339 vero
1383 300 1641 344 notandum,
1667 299 1696 337 fi
1722 312 1822 347 9113
1848 300 2040 340 eiusdem

397 367 524 403 11013,
546 359 678 406 paulo
694 360 883 395 maiores
899 356 969 394 vel
984 358 1189 398 minores,
1211 356 1378 392 caeteris
1394 353 1469 392 sub
1487 353 1643 391 eodem
1659 353 1825 398 ordine,
1846 359 1890 392 vt
1907 353 2039 401 pluri-

396 425 518 451 mum
539 409 870 458 comprehensis,
893 411 1189 451 inueniantur,
1212 419 1285 445 eas
1306 406 1597 454 magnitudini
1618 406 1850 454 deputatae,
1874 407 2040 455 aliquid

396 466 566 509 addere,
578 465 647 502 vel
660 462 921 505 subtrahere,
933 468 1062 509 prout
1074 461 1358 499 distributioni
1370 462 1570 507 proxime
1582 460 1855 498 antecedenti
1866 460 1937 498 vel
1947 459 2039 500 sub-

395 519 588 565 sequenti
608 518 786 564 propius
807 515 1029 554 accedunt.
1054 514 1168 560 Quae
1189 515 1352 557 omnia,
1374 518 1417 550 vt
1440 513 1724 551 aestimatione
1747 513 2040 561 probabiliore
2076 527 2092 554 ⁵

395 570 669 609 solummodo
694 569 1004 612 discernuntur,
1036 579 1115 605 nec
1143 566 1365 614 exquifitae
1390 566 1694 614 dijudicationi
1718 566 1958 605 subiacent:
1987 566 2041 606 fic

397 627 527 662 etiam
543 635 619 671 per
634 622 673 660 se
690 622 930 660 admodum
946 620 1124 668 praecisa
1140 621 1387 667 cognitione
1403 631 1495 657 non
1512 630 1624 666 opus
1638 619 1814 658 habent.

449 677 492 715 Si
512 679 633 714 iuxta
651 675 895 723 Albategnij
920 674 957 712 &
978 673 1207 721 Alfragani
1227 673 1411 710 modum
1432 672 1503 710 113
1525 672 1803 719 Quantitates
1823 668 2041 712 distribue-

396 736 555 774 rentur,
567 732 626 767 ita
638 735 679 766 vt
690 728 806 766 sexta
816 739 917 775 pars
928 726 1189 775 globofitatis
1201 725 1514 773 consequenter
1525 728 1806 771 amitteretur,
1819 737 1911 764 non
1921 732 2042 766 tanta

396 783 599 821 euaderet
616 794 642 820 a
658 782 865 819 Veterum
886 780 1108 828 pofitione,
1129 782 1176 817 in
1196 778 1441 817 minoribus
1461 779 1699 826 praesertim
1715 779 1870 824 Stellis‚
1891 779 2040 818 discre-
2079 792 2109 819 ιο

395 838 555 884 pantia.
573 834 836 873 Assumendo
849 836 966 872 enim
978 833 1132 872 Stellas
1144 834 1273 880 primi
1285 832 1480 876 honoris,
1498 831 1619 879 quasi
1630 832 1681 871 68
1692 832 1828 871 Terra
1839 835 2041 878 maiores,

395 887 606 927 subtrac‘ta
628 888 729 925 111116
752 887 868 925 sexta
890 892 1027 934 parte:
1052 885 1205 924 fierent
1226 885 1401 923 secundi
1423 886 1588 924 ordinis
1609 885 1755 924 Stellae
1776 886 1932 924 eadem
1951 897 2041 925 am-

395 942 554 990 pliores
575 942 640 980 57:
662 941 791 988 Tertij
813 941 879 979 45:
902 940 1058 986 Quarti
1075 939 1141 977 34:
1165 939 1318 985 Quinti
1336 938 1404 976 22:
1427 938 1544 977 Sexti
1560 939 1605 977 11.
1622 939 1790 977 Verum
1809 939 1906 978 1136
1926 951 2041 978 60111-

395 995 670 1038 11161111113110,
687 1006 787 1032 11160
803 994 977 1038 111(11610,
995 995 1143 1040 inepta
1160 992 1227 1036 est,
1245 991 1282 1030 8(
1298 1003 1378 1040 pro
1394 992 1519 1030 libitu
1535 990 1733 1031 confi&a.

448 1048 781 1086 Aduertendum
797 1047 970 1094 insuper
987 1046 1024 1084 &
1040 1046 1124 1090 hic,
1144 1046 1187 1084 id
1204 1046 1322 1093 quod
1339 1051 1470 1083 antea
1485 1047 1727 1090 innuimus,
1748 1045 1843 1084 fieri
1859 1046 1982 1094 posse,
1998 1052 2042 1085 vt
2080 1058 2109 1085 1⁵

395 1113 485 1139 non
502 1100 662 1148 3911311
674 1100 855 1138 aTerris
871 1105 1186 1138 remoueantur
1200 1098 1435 1137 interuallo
1448 1098 1616 1147 lingula
1626 1098 1776 1138 Affixa
1787 1099 1956 1138 Sidera:
1972 1099 2042 1138 sed

395 1155 599 1202 quaedam
615 1156 806 1201 propius,
828 1152 1046 1191 nonnulla
1062 1164 1166 1190 vero
1183 1154 1406 1196 remotius,
1428 1151 1530 1190 hinc
1549 1152 1711 1191 distent.
1734 1152 1866 1200 Quod
1882 1152 1913 1191 fi
1927 1154 1988 1192 ita
2002 1153 2042 1192 se

397 1208 538 1251 habet,
555 1207 698 1245 Stellae
716 1219 815 1254 quae
832 1207 929 1254 plus
946 1206 1110 1249 absunt,
1128 1208 1321 1244 minores
1335 1206 1611 1253 apparebunt
1622 1207 1686 1254 ijs,
1704 1217 1805 1253 quae
1816 1208 2043 1254 propiores

396 1261 503 1304 sunt,
519 1267 609 1298 vtut
626 1260 856 1307 aequalem,
874 1266 948 1298 aut
965 1262 1142 1302 circiter,
1160 1270 1237 1307 per
1252 1259 1292 1297 se
1309 1261 1355 1296 in
1370 1258 1461 1306 ipso
1476 1259 1601 1297 Caelo
1618 1259 1844 1298 obtineant
1859 1259 2042 1306 Quanti·

396 1320 544 1352 tatem:
562 1320 691 1361 atque
708 1313 790 1351 hac
806 1315 988 1356 ratione,
1006 1313 1160 1351 Stellas
1172 1312 1361 1351 Secundi
1378 1312 1519 1357 status,
1536 1324 1628 1350 non
1643 1314 1837 1351 minores
1853 1313 1930 1351 esse
1945 1312 2041 1358 illis,
2077 1324 2110 1351 zo

397 1379 497 1414 9113
523 1369 567 1404 111
592 1369 733 1414 primo
759 1367 911 1404 ordine
937 1366 1182 1404 censentur:
1210 1365 1248 1403 8(
1272 1365 1441 1404 Tertias
1467 1365 1679 1404 Secundis
1703 1367 2043 1414 aequiparandas

398 1420 556 1467 <sicque
572 1420 624 1458 de
642 1420 835 1463 Caeteris,
857 1420 988 1467 idque
1005 1431 1094 1467 quo
1110 1420 1165 1457 ad
1181 1419 1280 1467 plus
1295 1419 1366 1457 vel
1381 1419 1546 1466 minus)
1564 1419 1907 1458 consentaneum
1921 1419 2042 1459 foret.

397 1474 615 1516 Attamen.
636 1485 736 1511 meo
757 1473 931 1517 iudicio,
953 1485 1043 1511 non
1064 1475 1249 1511 nimiam
1270 1478 1439 1520 oportet
1459 1472 1531 1511 hic
1551 1484 1631 1521 pro
1648 1471 1831 1512 0613113
1848 1472 2042 1521 Sphaerae

398 1527 604 1564 limitibus
620 1527 845 1564 admittere
862 1526 1112 1565 vastitatem.
1135 1526 1293 1574 Neque
1315 1528 1434 1564 enim
1454 1531 1545 1564 tam
1565 1526 1715 1574 ampla
1735 1527 1812 1565 esse
1829 1528 1985 1575 poterit
1999 1532 2043 1566 vt

398 1579 541 1618 Stellae
562 1582 769 1623 minimae,
792 1591 892 1627 quae
911 1580 1028 1618 Sexti
1049 1585 1306 1627 reputantur
1323 1579 1514 1623 Ordinis,
1535 1585 1657 1618 tanta
1677 1580 2001 1628 intercapedine
2016 1591 2042 1619 a
2077 1591 2109 1618 2⁵

397 1633 541 1670 Terris
557 1633 825 1681 elongentur,
848 1634 936 1680 qua
956 1633 1151 1680 aequales
1172 1633 1410 1671 reddantur
1430 1635 1494 1681 ijs,
1517 1645 1617 1681 quae
1633 1635 1763 1681 primi
1780 1633 1818 1672 8(
1833 1635 2042 1682 praecipui

398 1686 491 1723 sunt
507 1685 696 1733 fulgoris.
716 1686 931 1724 Euaderet
948 1689 1066 1724 enirn
1083 1686 1166 1724 hoc
1183 1686 1468 1724 interuallum
1484 1686 1612 1734 supra
1627 1687 1812 1725 modum
1827 1686 2041 1736 amplum:

398 1741 456 1777 ita
467 1745 509 1777 vt
521 1739 664 1777 semid.
677 1739 824 1777 Terrae
837 1740 934 1787 plus
947 1752 1080 1787 quam
1093 1739 1241 1778 155000
1253 1742 1505 1778 contineret.
1519 1740 1675 1788 Sicque
1686 1740 1891 1779 vndecies
1901 1740 2042 1785 altius.

399 1804 532 1839 quam
555 1804 636 1830 nos
658 1804 811 1831 earum
834 1793 1139 1831 sublimitatem
1163 1793 1442 1836 assumsimus,
1466 1793 1697 1832 eleuandae
1718 1793 1876 1832 forent:
1898 1794 2042 1842 Atque

398 1847 457 1883 ita
481 1845 664 1892 spatium
689 1846 795 1884 illud
822 1845 992 1885 0613110
1019 1846 1126 1885 Orbi
1152 1847 1421 1894 deputatum.
1447 1847 1650 1885 vndecim
1675 1859 1853 1895 quoque
1878 1847 2042 1886 vicibus
2076 1856 2108 1884 ³⁰

399 1897 753 1946 complec'teretur
777 1911 874 1937 eam
899 1900 1282 1947 intercapedinem,
1307 1911 1407 1947 quae
1432 1900 1486 1938 est
1507 1901 1534 1938 a
1553 1899 1699 1938 Terris
1718 1900 1851 1948 vsque
1872 1902 1918 1939 in
1938 1899 2041 1939 eius·

399 1951 498 1989 dem
519 1952 845 2000 praesuppofitas
867 1965 978 1991 oras.
1001 1953 1132 2000 Quod
1154 1953 1254 1991 sane
1277 1965 1456 1991 omnem
1477 1954 1661 1992 modum
1677 1960 1808 2002 atque
1824 1953 1958 1993 fidem
1972 1965 2041 1993 ex·

400 2005 519 2042 cedit.
544 2005 814 2044 Probabilius
837 2009 984 2054 itaque
1008 2009 1085 2045 erit
1109 2007 1319 2054 quasdam
1340 2006 1495 2045 Stellas
1518 2019 1594 2055 per
1614 2007 1655 2046 se
1676 2009 1832 2046 reuera
1854 2009 2042 2046 maiores

399 2059 487 2101 esse,
504 2065 633 2105 atque
649 2059 932 2107 multiplicem
945 2062 990 2098 in
1003 2060 1070 2098 his
1082 2063 1350 2103 varietatem,
1368 2072 1456 2108 qua
1469 2061 1641 2100 Natura
1652 2061 1823 2110 gaudet,
1840 2062 2041 2100 inueniri.

399 2110 481 2149 Sed
498 2123 614 2150 nunc
631 2112 766 2160 ipsam
783 2113 964 2151 Nouam
980 2114 1177 2151 demetiri
1195 2120 1494 2161 opportunum
1511 2116 1601 2152 6111.
1619 2111 1634 2165 ΙΙ
2076 2123 2108 2150 ³⁵

626 2209 704 2247 DE
726 2209 959 2248 STELLAE
981 2211 1160 2250 NOVAE
1181 2211 1337 2249 VERA
1359 2211 1815 2251 MAGNITUDINE.
2063 2215 2123 2249 48⁴

491 2270 738 2309 UONIAM
757 2283 860 2310 vero
877 2273 964 2310 duo
982 2273 1036 2311 ad
1054 2273 1167 2311 hanc
1184 2276 1473 2321 pragmatiam
1486 2277 1563 2312 rite
1575 2274 1891 2313 absoluendam
1902 2275 2041 2322 requi·

505 2330 668 2366 runtur,
691 2330 834 2371 vtpote
856 2337 1072 2373 apparens
1089 2326 1233 2364 Stellae
1253 2327 1492 2370 Diameter,
1514 2328 1691 2375 eiusque
1712 2329 1767 2366 ab
1788 2330 1948 2366 intuitu
1967 2337 2041 2366 no-

399 2375 479 2413 stro
496 2376 725 2423 elongatio,
743 2380 1117 2424 quemadmodum
1135 2382 1179 2418 in
1197 2383 1362 2418 caeteris
1375 2381 1598 2419 Sideribus
1614 2381 1710 2419 1136
1723 2381 1985 2420 Dedomena
1997 2382 2041 2419 in

399 2436 601 2476 promptu
613 2431 687 2468 esse
698 2434 902 2477 oportuit:
918 2432 994 2470 Ista
1005 2435 1130 2480 igitur
1141 2433 1354 2481 requisita.
1368 2446 1455 2481 qua
1466 2434 1560 2473 fieri
1571 2437 1738 2482 poterit.
1751 2436 2040 2476 accuratione.
2075 2442 2107 2469 ⁴⁰

400 2484 588 2528 primum
606 2490 710 2521 nota
727 2485 968 2522 reddemus.

1962 2539 2042 2579 Etsi
