2164 3246
423 211 1082 253 PROGYMNASMATUM
1104 216 1307 256 PRIMA
1330 219 1479 259 PARS
1708 223 1776 262 129

130 330 182 357 ea
200 317 336 356 ferme
357 318 424 363 est,
446 319 535 366 qua
550 318 855 364 Ptolomaeum,
877 320 1154 368 Alphonsum
1175 323 1213 360 &
1234 324 1531 372 Copernicum
1550 327 1774 375 sequentes

129 374 418 411 communiter
440 377 635 416 utuntur,
661 372 832 411 nullam
854 373 924 411 hic
947 373 1102 413 subesse
1125 378 1482 424 inaequalitatem,
1509 380 1658 419 frustra
1681 395 1773 430 per-

128 424 246 464 suafi.
258 424 424 463 Verum
435 430 482 463 ut
493 425 590 464 haec
601 425 746 464 debito
756 426 890 464 modo
900 427 1118 473 limitetur,
1131 441 1207 477 per
1216 431 1458 470 distantiam
1468 434 1773 474 Luminarium

127 489 277 518 veram
300 480 347 517 in
371 477 522 517 tabula
544 478 987 527 Prosthaphaerefium
1012 482 1231 521 nodorum
1257 488 1552 532 aequationem
1579 499 1771 536 excerpe.

76 544 92 570 ⁵
128 543 262 580 quam
277 533 497 570 contrario
517 532 664 576 modo,
686 544 736 570 ac
757 532 833 580 ipfi
852 534 964 571 tituli
985 534 1216 580 insinuant,
1237 539 1382 576 medio
1400 540 1617 578 nodorum
1634 545 1771 580 motui

127 585 237 624 adde
252 584 322 623 vel
341 584 478 629 aufer,
500 590 632 633 atque
652 585 707 624 fic
722 597 878 624 verum
893 587 1041 625 locum
1058 589 1189 633 Nodi,
1210 590 1291 634 ΒΜ
1308 592 1454 629 versus
1471 593 1658 631 Boream
1675 607 1770 633 eve·

126 638 268 677 hentis
290 639 532 686 assequeris‚
556 650 690 686 quem
713 645 842 687 caput
862 647 1022 679 vocant
1042 641 1272 687 Draconis,
1297 647 1378 688 cui,
1402 652 1447 683 ut
1468 645 1639 689 dictum.
1664 648 1771 686 alter

126 691 293 737 Nodus,
314 703 448 740 quem
464 691 670 731 Caudam
686 692 905 732 Draconis
927 697 1171 739 nominant,
1193 696 1502 736 diametraliter
1523 703 1768 746 opponitur.

125 745 270 784 Ambo
280 756 386 783 vero
401 745 561 784 limites
571 748 871 784 maximarum
883 747 1185 786 Latitudinum
1200 761 1277 796 per
1293 757 1494 797 quartam
1512 753 1659 790 circuli
1676 766 1769 801 par-

60 809 90 836 ιο
124 804 211 838 tem
225 800 430 847 utrinque
446 798 550 837 hinc
565 805 860 844 removentur,
877 799 907 838 fi
924 812 998 839 eos
1015 813 1106 840 una
1123 803 1377 850 cognoscere
1394 804 1576 843 libuerit.

776 888 1118 929 EXEMPLVM.

169 949 212 989 N
231 952 357 989 tertio
377 950 604 999 Exemplo,
626 962 716 998 quo
736 953 782 989 in
802 951 1031 990 latitudine
1055 953 1084 998 ))
1107 953 1401 1002 investiganda
1417 955 1477 993 ufi
1494 955 1652 999 sumus,
1674 957 1766 995 fim-

185 1003 286 1052 plex
309 1005 354 1049 Θ
377 1003 434 1042 est
453 1004 498 1042 11.
515 1003 556 1043 S.
574 1005 601 1042 1.
618 1004 661 1042 P.
678 1005 733 1043 51.
752 1002 778 1052 Ι.
796 1005 823 1043 1.
841 1003 885 1053 ll.
908 1005 994 1044 Cui
1015 1006 1187 1044 additus
1209 1007 1385 1045 Medius
1405 1009 1433 1053 J)
1452 1020 1478 1047 a
1498 1011 1540 1053 Θ
1560 1010 1595 1047 4.
1614 1010 1652 1048 S.
1670 1011 1705 1048 2.
1724 1011 1765 1049 Ρ.

121 1056 184 1096 20.
206 1055 233 1106 Ι.
252 1057 316 1096 59.
339 1055 383 1106 ΙΙ.
404 1057 620 1096 constituit
640 1057 894 1106 Simplicem
917 1059 946 1104 ))
968 1059 1022 1097 ab
1044 1059 1308 1107 aequinoctio
1329 1061 1364 1099 3.
1383 1061 1422 1100 S.
1440 1062 1475 1099 4.
1494 1062 1535 1100 P.
1554 1063 1606 1100 12.
1626 1062 1650 1110 l.
1669 1064 1704 1101 Ο.
1724 1063 1766 1111 ll.

56 1121 85 1147 ιε
120 1110 161 1148 Α
176 1121 265 1159 quo
280 1110 452 1149 ablatus
464 1110 660 1159 Simplex
671 1111 934 1150 Latitudinis
950 1113 1013 1150 54.
1028 1111 1053 1160 l.
1066 1113 1129 1151 23.
1144 1112 1186 1161 sl.
1204 1114 1408 1161 relinquit
1424 1116 1615 1154 mediam
1633 1118 1767 1155 nodo-

120 1175 218 1202 rum
237 1165 597 1213 anticipationem
616 1164 653 1203 3.
671 1164 712 1204 S.
729 1165 765 1203 3.
782 1165 826 1203 P.
844 1166 897 1204 17.
916 1164 942 1213 Ι.
959 1166 1021 1204 37.
1041 1165 1084 1214 ll.
1107 1166 1224 1205 Cum
1244 1167 1442 1206 distantia
1457 1175 1605 1206 autem
1622 1170 1767 1208 Lumi-

119 1219 294 1256 narium
308 1217 345 1256 4.
357 1217 398 1257 S.
410 1218 447 1256 4.
459 1218 503 1256 P.
516 1218 570 1256 13.
585 1216 668 1266 Ι.11.
683 1216 727 1266 ll.
745 1220 912 1257 eruitur
923 1219 1306 1267 Prosthaphaerefis
1319 1221 1551 1259 Nodorum
1569 1223 1594 1259 1.
1608 1222 1650 1260 P.
1663 1223 1725 1261 37.
1741 1222 1766 1270 l.

119 1270 181 1309 36.
198 1268 242 1319 ll.
262 1270 348 1309 hoc
366 1273 413 1309 in
433 1270 531 1310 loco
547 1271 767 1310 Addenda
787 1272 935 1310 medio
956 1274 1175 1311 nodorum
1194 1276 1345 1318 motui,
1368 1281 1413 1312 ut
1429 1287 1558 1312 verus
1579 1276 1700 1313 locus
1724 1278 1760 1321 Ω

119 1323 398 1363 constituatur
411 1324 448 1363 3.
466 1324 507 1363 S.
524 1325 560 1363 4.
578 1324 621 1363 P.
638 1326 702 1364 55.
722 1324 747 1374 Ι.
765 1325 819 1363 13.
838 1324 881 1373 ll.

50 1387 83 1414 2⁰
169 1377 262 1423 Vel,
273 1377 304 1416 fi
313 1383 405 1417 tam
416 1378 757 1427 Longitudinem
771 1379 843 1424 ΣΞ,
855 1391 991 1427 quam
1003 1380 1298 1418 Latitudinem
1310 1380 1534 1419 collectam
1546 1382 1764 1426 habueris,

116 1429 317 1470 subtrahe
340 1437 622 1480 coaequatum
643 1438 815 1471 motum
837 1433 1109 1478 Latitudinis,
1134 1445 1222 1481 quo
1246 1436 1290 1471 in
1314 1434 1583 1472 extrahenda
1604 1435 1763 1473 Latitu-

116 1483 216 1523 dine
231 1484 333 1523 usus
349 1496 407 1530 es,
424 1497 451 1524 a
466 1497 572 1524 vero
587 1485 686 1524 loco
705 1486 764 1531 »ἃ
776 1485 814 1524 8(
826 1487 1069 1525 remanebit
1080 1499 1209 1525 verus
1221 1487 1342 1525 locus
1356 1488 1521 1535 Capitis
1534 1488 1763 1532 Draconis,

115 1542 158 1576 vt
172 1539 218 1576 in
234 1538 391 1577 eodem
407 1539 610 1587 exemplo
626 1551 757 1578 verus
773 1539 896 1578 locus
916 1540 944 1584 D
962 1540 1017 1578 est
1032 1540 1068 1578 3.
1082 1540 1164 1588 Sig.
1177 1541 1213 1578 7.
1226 1541 1269 1578 P.
1282 1541 1344 1579 49.
1359 1539 1384 1588 l.
1397 1542 1459 1579 45.
1475 1539 1516 1588 ll.
1531 1553 1556 1578 a
1569 1553 1656 1588 quo
1672 1542 1763 1579 sub-

115 1590 228 1630 latus
247 1597 504 1640 coaequatus
522 1592 785 1632 Latitudinis
804 1593 841 1632 2.
859 1593 901 1631 P.
924 1593 986 1632 53.
1010 1592 1035 1642 l.
1057 1593 1120 1632 32.
1144 1592 1201 1641 ll„
1223 1594 1405 1641 superest
1426 1605 1554 1631 verus
1575 1594 1696 1632 locus
1720 1597 1755 1639 Ω

47 1654 80 1681 2⁵
115 1643 151 1683 3.
167 1644 207 1684 S.
227 1645 264 1684 4.
281 1645 324 1684 P.
345 1646 409 1685 55.
427 1644 454 1694 Ι.
470 1646 524 1685 13.
543 1644 587 1694 ll.
610 1647 729 1694 quod
749 1646 1026 1695 sesquialtero
1047 1647 1184 1695 gradu
1205 1647 1422 1685 calculum
1439 1647 1760 1694 Alphonsmum

115 1698 292 1744 excedit,
313 1698 352 1737 &
372 1699 711 1747 Coperniceum,
732 1706 862 1748 prout
882 1701 987 1739 dant
1005 1700 1166 1739 tabulae
1183 1701 1424 1739 Prutenicae
1442 1702 1485 1738 11.
1504 1701 1690 1738 Minutis
1706 1702 1760 1739 ad

114 1750 200 1790 huc
214 1751 325 1801 plus,
342 1764 443 1801 quae
459 1752 561 1792 sane
578 1753 825 1792 differentia
842 1756 956 1792 circa
972 1753 1083 1802 ipsos
1101 1754 1254 1792 Nodos
1274 1755 1331 1799 ΣΞ
1349 1754 1403 1792 est
1419 1754 1714 1792 intolerabilis.

153 1851 245 1898 DE
267 1852 723 1899 REDVCTIONE
747 1854 910 1899 LOCI
935 1854 1135 1899 LVNAE
1156 1854 1254 1898 AD
1278 1853 1718 1898 ECLIPTICAM.

206 1921 298 1960 VM
315 1922 454 1961 Lunae
475 1928 622 1961 motus
642 1934 735 1961 non
755 1922 831 1961 sub
848 1923 1055 1971 Ecliptica
1075 1923 1292 1971 procedat,
1314 1922 1382 1960 sed
1400 1925 1444 1960 in
1461 1922 1548 1960 alio
1566 1922 1757 1969 quodam

43 1982 77 2009 ³0
220 1974 398 2014 Circulo
414 1976 470 2015 ad
486 1976 602 2015 hanc
618 1976 845 2015 inclinato:
863 1976 1074 2015 Calculus
1088 1982 1236 2014 autem
1249 1976 1450 2014 exhibeat
1463 1987 1564 2013 eum
1576 1982 1756 2017 motum,

111 2028 185 2074 qui
204 2027 252 2067 fit
270 2030 317 2067 in
336 2028 427 2078 ipsa
447 2029 588 2068 Lunae
609 2029 763 2074 orbita,
787 2041 878 2068 non
899 2036 1048 2068 autem
1068 2029 1206 2073 illum,
1229 2041 1359 2077 quem
1382 2028 1662 2066 instrumenta
1683 2040 1758 2075 per

110 2079 455 2121 observationem
477 2083 675 2131 praebent
697 2082 889 2131 respectu
913 2083 1132 2131 Eclipticae
1156 2082 1332 2131 ejusque
1355 2082 1571 2130 polorum.
1600 2082 1757 2119 idcirco

110 2133 260 2183 aliqua
273 2135 534 2175 limitatione
550 2135 622 2175 hic
639 2148 751 2185 opus
768 2136 834 2181 est,
855 2148 955 2184 quae
972 2136 1176 2175 facillime
1194 2147 1269 2184 per
1286 2133 1536 2183 adjunctam
1553 2134 1757 2172 tabellam

109 2188 155 2226 in
168 2187 286 2228 hunc
301 2189 486 2228 modum
502 2190 741 2238 expeditur.
759 2187 774 2240 ΙΙ

28 2242 86 2277 118
160 2240 353 2289 Quando
364 2243 513 2282 locum
521 2245 550 2290 (ζ
561 2255 615 2282 ex
624 2243 785 2282 tabulis
795 2243 946 2282 nostris
957 2243 1237 2282 Calculatum
1247 2254 1273 2280 a
1283 2244 1458 2290 propria
1468 2241 1541 2279 sua
1553 2241 1690 2278 orbita
1701 2241 1754 2278 ad

108 2293 373 2344 Eclypticam
384 2296 593 2335 reducere
605 2299 748 2345 cupio,
760 2297 980 2345 ingredior
992 2308 1092 2335 cum
1105 2308 1211 2334 uero
1223 2296 1260 2333 8(
1271 2301 1499 2342 coaequato
1512 2300 1633 2331 motu
1644 2294 1754 2331 Lati-

107 2347 268 2388 tudinis
275 2349 473 2388 tabulam
484 2349 750 2395 adiunctam,
761 2351 1015 2398 quaerendo,
1028 2350 1151 2387 solito
1163 2361 1285 2387 more
1297 2349 1462 2396 [ignum
1475 2350 1519 2385 in
1532 2347 1670 2384 fronte
1684 2347 1753 2383 uel

107 2400 234 2448 calce,
250 2402 493 2452 gradusque
507 2403 580 2441 uel
594 2403 908 2447 descendendo,
926 2404 999 2441 uel
1015 2403 1299 2444 ascendendo,
1318 2402 1354 2439 &
1371 2404 1540 2438 minuta
1553 2412 1642 2437 una
1655 2411 1752 2436 cum

105 2452 302 2495 fecundis
322 2458 368 2494 in
388 2456 552 2505 angulo
573 2459 800 2495 communi
821 2459 1015 2499 inuenta.
1038 2457 1152 2494 addo
1174 2456 1246 2493 uel
1262 2455 1431 2493 auffero
1448 2466 1473 2492 a
1491 2461 1658 2500 reperto
1679 2464 1752 2498 per

39 2515 72 2542 ⁴⁰
107 2506 340 2548 Calculum
349 2509 447 2548 loco
455 2510 608 2554 Lunae,
616 2516 662 2548 ut
672 2522 830 2548 uerum
840 2512 935 2548 eius
944 2509 1068 2548 fitum
1079 2507 1269 2556 respectu
1279 2509 1508 2597 Eclypticg
1519 2507 1749 2595 obttineam.

212 2570 242 2597 ¹⁷
1509 2571 1565 2596 on
1587 2569 1747 2595 tarium
