<?xml version="1.0" encoding="UTF-8"?>
<!DOCTYPE html PUBLIC "-//W3C//DTD XHTML 1.0 Transitional//EN"
    "http://www.w3.org/TR/xhtml1/DTD/xhtml1-transitional.dtd">
<html xmlns="http://www.w3.org/1999/xhtml" xml:lang="en" lang="en">
 <head>
  <title>
</title>
<meta http-equiv="Content-Type" content="text/html;charset=utf-8" />
  <meta name='ocr-system' content='tesseract 3.04.00' />
  <meta name='ocr-capabilities' content='ocr_page ocr_carea ocr_par ocr_line ocrx_word'/>
</head>
<body>
  <div class='ocr_page' id='page_1' title='image "./operaomniaedidit02brahuoft/operaomniaedidit02brahuoft_0407.png"; bbox 0 0 2164 3246; ppageno 0'>
   <div class='ocr_carea' id='block_1_1' title="bbox 353 212 1763 256">
    <p class='ocr_par' dir='ltr' id='par_1_1' title="bbox 353 212 1763 256">
     <span class='ocr_line' id='line_1_1' title="bbox 353 212 1763 256; baseline 0.004 -6"><span class='ocrx_word' id='word_1_1' title='bbox 353 212 1012 251; x_wconf 88' lang='lat' dir='ltr'>PROGYMNASMATUM</span> <span class='ocrx_word' id='word_1_2' title='bbox 1035 213 1344 253; x_wconf 88' lang='lat' dir='ltr'><strong>SECUNDA</strong></span> <span class='ocrx_word' id='word_1_3' title='bbox 1365 216 1516 255; x_wconf 88' lang='lat' dir='ltr'>PARS</span> <span class='ocrx_word' id='word_1_4' title='bbox 1695 218 1763 256; x_wconf 86' lang='lat'>391</span> 
     </span>
    </p>
   </div>
   <div class='ocr_carea' id='block_1_2' title="bbox 30 318 1771 2505">
    <p class='ocr_par' dir='ltr' id='par_1_2' title="bbox 115 318 1764 531">
     <span class='ocr_line' id='line_1_2' title="bbox 115 318 1763 371; baseline 0.003 -13"><span class='ocrx_word' id='word_1_5' title='bbox 115 331 252 359; x_wconf 91' lang='lat' dir='ltr'>anum</span> <span class='ocrx_word' id='word_1_6' title='bbox 272 318 575 362; x_wconf 88' lang='lat' dir='ltr'>tranfiuerunt‚</span> <span class='ocrx_word' id='word_1_7' title='bbox 602 319 656 357; x_wconf 94' lang='lat' dir='ltr'>ab</span> <span class='ocrx_word' id='word_1_8' title='bbox 682 318 765 357; x_wconf 92' lang='lat' dir='ltr'>hac</span> <span class='ocrx_word' id='word_1_9' title='bbox 790 319 1022 364; x_wconf 81' lang='lat' dir='ltr'>distantias,</span> <span class='ocrx_word' id='word_1_10' title='bbox 1046 327 1136 359; x_wconf 90' lang='lat' dir='ltr'>tam</span> <span class='ocrx_word' id='word_1_11' title='bbox 1162 324 1283 360; x_wconf 86' lang='lat' dir='ltr'>iuxta</span> <span class='ocrx_word' id='word_1_12' title='bbox 1303 325 1521 367; x_wconf 84' lang='lat' dir='ltr'>verticem,</span> <span class='ocrx_word' id='word_1_13' title='bbox 1548 335 1683 371; x_wconf 91' lang='lat' dir='ltr'>quam</span> <span class='ocrx_word' id='word_1_14' title='bbox 1708 325 1763 363; x_wconf 94' lang='lat' dir='ltr'>ad</span> 
     </span>
     <span class='ocr_line' id='line_1_3' title="bbox 116 372 1762 421; baseline 0.003 -9"><span class='ocrx_word' id='word_1_15' title='bbox 116 373 408 412; x_wconf 91' lang='lat' dir='ltr'>Horizontem</span> <span class='ocrx_word' id='word_1_16' title='bbox 423 372 657 420; x_wconf 86' lang='lat' dir='ltr'>vergendo,</span> <span class='ocrx_word' id='word_1_17' title='bbox 678 373 907 420; x_wconf 90' lang='lat' dir='ltr'>vtrobique</span> <span class='ocrx_word' id='word_1_18' title='bbox 928 373 1004 412; x_wconf 92' lang='lat' dir='ltr'>illa</span> <span class='ocrx_word' id='word_1_19' title='bbox 1025 372 1173 412; x_wconf 67' lang='lat' dir='ltr'>exadte</span> <span class='ocrx_word' id='word_1_20' title='bbox 1194 377 1239 412; x_wconf 90' lang='lat' dir='ltr'>in</span> <span class='ocrx_word' id='word_1_21' title='bbox 1256 375 1508 414; x_wconf 89' lang='lat' dir='ltr'>Meridiano</span> <span class='ocrx_word' id='word_1_22' title='bbox 1526 377 1762 421; x_wconf 83' lang='lat' dir='ltr'>constituta,</span> 
     </span>
     <span class='ocr_line' id='line_1_4' title="bbox 115 425 1762 475; baseline 0.003 -10"><span class='ocrx_word' id='word_1_23' title='bbox 115 428 281 465; x_wconf 87' lang='lat' dir='ltr'>caeteris</span> <span class='ocrx_word' id='word_1_24' title='bbox 292 428 338 464; x_wconf 91' lang='lat' dir='ltr'>in</span> <span class='ocrx_word' id='word_1_25' title='bbox 350 425 435 464; x_wconf 87' lang='lat' dir='ltr'>suis</span> <span class='ocrx_word' id='word_1_26' title='bbox 447 425 795 473; x_wconf 80' lang='lat' dir='ltr'>dirpofitionibus</span> <span class='ocrx_word' id='word_1_27' title='bbox 807 425 909 464; x_wconf 94' lang='lat' dir='ltr'>hinc</span> <span class='ocrx_word' id='word_1_28' title='bbox 921 427 991 464; x_wconf 90' lang='lat' dir='ltr'>vel</span> <span class='ocrx_word' id='word_1_29' title='bbox 1002 428 1116 471; x_wconf 89' lang='lat' dir='ltr'>inde,</span> <span class='ocrx_word' id='word_1_30' title='bbox 1133 435 1260 475; x_wconf 88' lang='lat' dir='ltr'>prout</span> <span class='ocrx_word' id='word_1_31' title='bbox 1274 440 1427 467; x_wconf 90' lang='lat' dir='ltr'>earum</span> <span class='ocrx_word' id='word_1_32' title='bbox 1443 430 1639 469; x_wconf 88' lang='lat' dir='ltr'>ferebant</span> <span class='ocrx_word' id='word_1_33' title='bbox 1654 431 1762 475; x_wconf 89' lang='lat' dir='ltr'>loca.</span> 
     </span>
     <span class='ocr_line' id='line_1_5' title="bbox 115 479 1764 531; baseline 0.003 -13"><span class='ocrx_word' id='word_1_34' title='bbox 115 480 337 524; x_wconf 90' lang='lat' dir='ltr'>ordinatis,</span> <span class='ocrx_word' id='word_1_35' title='bbox 354 479 384 517; x_wconf 90' lang='lat' dir='ltr'>fi</span> <span class='ocrx_word' id='word_1_36' title='bbox 399 479 598 517; x_wconf 91' lang='lat' dir='ltr'>videlicet</span> <span class='ocrx_word' id='word_1_37' title='bbox 614 479 684 517; x_wconf 92' lang='lat' dir='ltr'>vel</span> <span class='ocrx_word' id='word_1_38' title='bbox 700 481 822 518; x_wconf 87' lang='lat' dir='ltr'>iuxta</span> <span class='ocrx_word' id='word_1_39' title='bbox 835 480 1069 524; x_wconf 89' lang='lat' dir='ltr'>Lunarem,</span> <span class='ocrx_word' id='word_1_40' title='bbox 1087 488 1162 519; x_wconf 91' lang='lat' dir='ltr'>aut</span> <span class='ocrx_word' id='word_1_41' title='bbox 1179 484 1311 520; x_wconf 89' lang='lat' dir='ltr'>etiam</span> <span class='ocrx_word' id='word_1_42' title='bbox 1323 482 1521 521; x_wconf 90' lang='lat' dir='ltr'>Solarem</span> <span class='ocrx_word' id='word_1_43' title='bbox 1534 484 1764 531; x_wconf 88' lang='lat' dir='ltr'>Sphaeram</span> 
     </span>
    </p>

    <p class='ocr_par' dir='ltr' id='par_1_3' title="bbox 64 532 1764 688">
     <span class='ocr_line' id='line_1_6' title="bbox 64 532 1764 581; baseline 0.002 -8"><span class='ocrx_word' id='word_1_44' title='bbox 64 547 79 573; x_wconf 87' lang='lat'>⁵</span> <span class='ocrx_word' id='word_1_45' title='bbox 115 533 211 572; x_wconf 85' lang='lat' dir='ltr'>haec</span> <span class='ocrx_word' id='word_1_46' title='bbox 226 532 316 581; x_wconf 90' lang='lat' dir='ltr'>ipsa</span> <span class='ocrx_word' id='word_1_47' title='bbox 332 532 539 571; x_wconf 85' lang='lat' dir='ltr'>effulfisset</span> <span class='ocrx_word' id='word_1_48' title='bbox 557 532 773 580; x_wconf 84' lang='lat' dir='ltr'><strong>(proxime</strong></span> <span class='ocrx_word' id='word_1_49' title='bbox 791 535 909 571; x_wconf 90' lang='lat' dir='ltr'>enim</span> <span class='ocrx_word' id='word_1_50' title='bbox 925 533 1053 581; x_wconf 91' lang='lat' dir='ltr'>supra</span> <span class='ocrx_word' id='word_1_51' title='bbox 1065 534 1304 573; x_wconf 87' lang='lat' dir='ltr'>Saturnum</span> <span class='ocrx_word' id='word_1_52' title='bbox 1319 536 1392 574; x_wconf 92' lang='lat' dir='ltr'>ista</span> <span class='ocrx_word' id='word_1_53' title='bbox 1404 539 1534 574; x_wconf 91' lang='lat' dir='ltr'>nimis</span> <span class='ocrx_word' id='word_1_54' title='bbox 1546 539 1764 576; x_wconf 91' lang='lat' dir='ltr'>minutula</span> 
     </span>
     <span class='ocr_line' id='line_1_7' title="bbox 114 586 1763 637; baseline 0.003 -12"><span class='ocrx_word' id='word_1_55' title='bbox 114 586 227 633; x_wconf 85' lang='lat' dir='ltr'>sunt)</span> <span class='ocrx_word' id='word_1_56' title='bbox 244 592 288 625; x_wconf 89' lang='lat' dir='ltr'>vt</span> <span class='ocrx_word' id='word_1_57' title='bbox 303 586 532 624; x_wconf 85' lang='lat' dir='ltr'>discrimen</span> <span class='ocrx_word' id='word_1_58' title='bbox 548 586 603 624; x_wconf 92' lang='lat' dir='ltr'>ab</span> <span class='ocrx_word' id='word_1_59' title='bbox 621 586 873 624; x_wconf 89' lang='lat' dir='ltr'>Obseruatis</span> <span class='ocrx_word' id='word_1_60' title='bbox 889 587 1108 635; x_wconf 82' lang='lat' dir='ltr'>distantijs,</span> <span class='ocrx_word' id='word_1_61' title='bbox 1131 600 1231 635; x_wconf 85' lang='lat' dir='ltr'>quae</span> <span class='ocrx_word' id='word_1_62' title='bbox 1248 590 1475 637; x_wconf 88' lang='lat' dir='ltr'>vtrobique</span> <span class='ocrx_word' id='word_1_63' title='bbox 1493 591 1664 637; x_wconf 90' lang='lat' dir='ltr'>prorsus</span> <span class='ocrx_word' id='word_1_64' title='bbox 1682 603 1763 630; x_wconf 85' lang='lat' dir='ltr'>eae-</span> 
     </span>
     <span class='ocr_line' id='line_1_8' title="bbox 115 639 1303 688; baseline 0.002 -10"><span class='ocrx_word' id='word_1_65' title='bbox 115 641 216 679; x_wconf 92' lang='lat' dir='ltr'>dem</span> <span class='ocrx_word' id='word_1_66' title='bbox 231 645 368 685; x_wconf 88' lang='lat' dir='ltr'>erant,</span> <span class='ocrx_word' id='word_1_67' title='bbox 385 639 533 687; x_wconf 90' lang='lat' dir='ltr'>quoad</span> <span class='ocrx_word' id='word_1_68' title='bbox 549 639 738 687; x_wconf 85' lang='lat' dir='ltr'>lingulas</span> <span class='ocrx_word' id='word_1_69' title='bbox 755 639 922 684; x_wconf 84' lang='lat' dir='ltr'>Stellas,</span> <span class='ocrx_word' id='word_1_70' title='bbox 940 643 985 678; x_wconf 92' lang='lat' dir='ltr'>in</span> <span class='ocrx_word' id='word_1_71' title='bbox 1002 641 1230 688; x_wconf 66' lang='lat' dir='ltr'>conspeetu</span> <span class='ocrx_word' id='word_1_72' title='bbox 1247 642 1303 680; x_wconf 85' lang='lat' dir='ltr'>fit.</span> 
     </span>
    </p>

    <p class='ocr_par' dir='ltr' id='par_1_4' title="bbox 115 692 1763 798">
     <span class='ocr_line' id='line_1_9' title="bbox 168 692 1763 742; baseline 0.003 -10"><span class='ocrx_word' id='word_1_73' title='bbox 168 693 428 732; x_wconf 86' lang='lat' dir='ltr'>Facilimum</span> <span class='ocrx_word' id='word_1_74' title='bbox 444 698 594 731; x_wconf 89' lang='lat' dir='ltr'>autem</span> <span class='ocrx_word' id='word_1_75' title='bbox 610 695 688 731; x_wconf 91' lang='lat' dir='ltr'>erit</span> <span class='ocrx_word' id='word_1_76' title='bbox 702 692 798 731; x_wconf 87' lang='lat' dir='ltr'>haec</span> <span class='ocrx_word' id='word_1_77' title='bbox 810 693 899 741; x_wconf 92' lang='lat' dir='ltr'>ipsa</span> <span class='ocrx_word' id='word_1_78' title='bbox 910 693 1099 738; x_wconf 90' lang='lat' dir='ltr'>scrutari,</span> <span class='ocrx_word' id='word_1_79' title='bbox 1117 701 1247 742; x_wconf 92' lang='lat' dir='ltr'>atque</span> <span class='ocrx_word' id='word_1_80' title='bbox 1260 698 1304 733; x_wconf 91' lang='lat' dir='ltr'>in</span> <span class='ocrx_word' id='word_1_81' title='bbox 1317 708 1525 734; x_wconf 89' lang='lat' dir='ltr'>numeros</span> <span class='ocrx_word' id='word_1_82' title='bbox 1538 698 1763 742; x_wconf 88' lang='lat' dir='ltr'>deducere,</span> 
     </span>
     <span class='ocr_line' id='line_1_10' title="bbox 115 745 1762 798; baseline 0.003 -13"><span class='ocrx_word' id='word_1_83' title='bbox 115 746 145 785; x_wconf 82' lang='lat' dir='ltr'>fi</span> <span class='ocrx_word' id='word_1_84' title='bbox 160 746 305 786; x_wconf 87' lang='lat' dir='ltr'>Stellae</span> <span class='ocrx_word' id='word_1_85' title='bbox 322 746 470 784; x_wconf 86' lang='lat' dir='ltr'>Nouae</span> <span class='ocrx_word' id='word_1_86' title='bbox 486 746 796 784; x_wconf 88' lang='lat' dir='ltr'>Ascenfionem</span> <span class='ocrx_word' id='word_1_87' title='bbox 812 745 988 785; x_wconf 72' lang='lat' dir='ltr'>Rectam</span> <span class='ocrx_word' id='word_1_88' title='bbox 1010 749 1036 785; x_wconf 79' lang='lat' dir='ltr'>a</span> <span class='ocrx_word' id='word_1_89' title='bbox 1056 748 1182 785; x_wconf 92' lang='lat' dir='ltr'>nobis</span> <span class='ocrx_word' id='word_1_90' title='bbox 1203 749 1490 788; x_wconf 92' lang='lat' dir='ltr'>adinuentam</span> <span class='ocrx_word' id='word_1_91' title='bbox 1511 750 1669 798; x_wconf 90' lang='lat' dir='ltr'>vbique</span> <span class='ocrx_word' id='word_1_92' title='bbox 1691 753 1762 790; x_wconf 93' lang='lat' dir='ltr'>ad-</span> 
     </span>
    </p>

    <p class='ocr_par' dir='ltr' id='par_1_5' title="bbox 48 799 1764 1064">
     <span class='ocr_line' id='line_1_11' title="bbox 48 799 1764 850; baseline 0.002 -10"><span class='ocrx_word' id='word_1_93' title='bbox 48 814 80 840; x_wconf 89' lang='grc' dir='ltr'>ιο</span> <span class='ocrx_word' id='word_1_94' title='bbox 115 799 401 839; x_wconf 88' lang='lat' dir='ltr'>hibuerimus.</span> <span class='ocrx_word' id='word_1_95' title='bbox 415 800 479 838; x_wconf 85' lang='lat' dir='ltr'>Ex</span> <span class='ocrx_word' id='word_1_96' title='bbox 491 811 580 848; x_wconf 92' lang='lat' dir='ltr'>quo</span> <span class='ocrx_word' id='word_1_97' title='bbox 593 802 712 838; x_wconf 88' lang='lat' dir='ltr'>enim</span> <span class='ocrx_word' id='word_1_98' title='bbox 724 800 800 838; x_wconf 90' lang='lat' dir='ltr'>illa</span> <span class='ocrx_word' id='word_1_99' title='bbox 811 802 856 838; x_wconf 90' lang='lat' dir='ltr'>in</span> <span class='ocrx_word' id='word_1_100' title='bbox 869 800 1121 839; x_wconf 91' lang='lat' dir='ltr'>Meridiano</span> <span class='ocrx_word' id='word_1_101' title='bbox 1133 805 1357 850; x_wconf 86' lang='lat' dir='ltr'>praecipuo</span> <span class='ocrx_word' id='word_1_102' title='bbox 1370 803 1574 841; x_wconf 90' lang='lat' dir='ltr'>Verticali</span> <span class='ocrx_word' id='word_1_103' title='bbox 1587 804 1764 843; x_wconf 92' lang='lat' dir='ltr'>Circulo</span> 
     </span>
     <span class='ocr_line' id='line_1_12' title="bbox 115 853 1764 904; baseline 0.002 -12"><span class='ocrx_word' id='word_1_104' title='bbox 115 853 298 899; x_wconf 87' lang='lat' dir='ltr'>subfistit,</span> <span class='ocrx_word' id='word_1_105' title='bbox 311 859 655 902; x_wconf 89' lang='lat' dir='ltr'>quantacunque</span> <span class='ocrx_word' id='word_1_106' title='bbox 667 853 796 892; x_wconf 90' lang='lat' dir='ltr'>fuerit</span> <span class='ocrx_word' id='word_1_107' title='bbox 805 854 1059 899; x_wconf 86' lang='lat' dir='ltr'>Parallaxis‚</span> <span class='ocrx_word' id='word_1_108' title='bbox 1070 867 1157 893; x_wconf 91' lang='lat' dir='ltr'>vna</span> <span class='ocrx_word' id='word_1_109' title='bbox 1169 856 1412 903; x_wconf 89' lang='lat' dir='ltr'>eademque</span> <span class='ocrx_word' id='word_1_110' title='bbox 1424 864 1663 904; x_wconf 87' lang='lat' dir='ltr'>permanet,</span> <span class='ocrx_word' id='word_1_111' title='bbox 1676 858 1764 897; x_wconf 92' lang='lat' dir='ltr'>sola</span> 
     </span>
     <span class='ocr_line' id='line_1_13' title="bbox 115 907 1763 958; baseline 0.002 -12"><span class='ocrx_word' id='word_1_112' title='bbox 115 907 424 946; x_wconf 89' lang='lat' dir='ltr'>Declinatione</span> <span class='ocrx_word' id='word_1_113' title='bbox 435 918 515 955; x_wconf 91' lang='lat' dir='ltr'>pro</span> <span class='ocrx_word' id='word_1_114' title='bbox 524 907 806 945; x_wconf 84' lang='lat' dir='ltr'>Parallaxeos</span> <span class='ocrx_word' id='word_1_115' title='bbox 819 910 1072 955; x_wconf 89' lang='lat' dir='ltr'>quantitate,</span> <span class='ocrx_word' id='word_1_116' title='bbox 1085 910 1231 946; x_wconf 90' lang='lat' dir='ltr'>tamin</span> <span class='ocrx_word' id='word_1_117' title='bbox 1242 909 1461 956; x_wconf 79' lang='lat' dir='ltr'>superiore</span> <span class='ocrx_word' id='word_1_118' title='bbox 1474 922 1608 958; x_wconf 91' lang='lat' dir='ltr'>quam</span> <span class='ocrx_word' id='word_1_119' title='bbox 1620 911 1763 949; x_wconf 85' lang='lat' dir='ltr'>inferi-</span> 
     </span>
     <span class='ocr_line' id='line_1_14' title="bbox 116 960 1764 1008; baseline 0.002 -8"><span class='ocrx_word' id='word_1_120' title='bbox 116 972 191 1000; x_wconf 92' lang='lat' dir='ltr'>ore</span> <span class='ocrx_word' id='word_1_121' title='bbox 204 960 283 999; x_wconf 88' lang='lat' dir='ltr'>fitu</span> <span class='ocrx_word' id='word_1_122' title='bbox 296 960 491 1005; x_wconf 74' lang='lat' dir='ltr'>alterata,</span> <span class='ocrx_word' id='word_1_123' title='bbox 508 966 639 1008; x_wconf 88' lang='lat' dir='ltr'>atque</span> <span class='ocrx_word' id='word_1_124' title='bbox 651 960 720 998; x_wconf 90' lang='lat' dir='ltr'>his</span> <span class='ocrx_word' id='word_1_125' title='bbox 732 961 912 999; x_wconf 74' lang='lat' dir='ltr'>demum</span> <span class='ocrx_word' id='word_1_126' title='bbox 924 973 1024 999; x_wconf 92' lang='lat' dir='ltr'>cum</span> <span class='ocrx_word' id='word_1_127' title='bbox 1037 961 1269 1000; x_wconf 87' lang='lat' dir='ltr'>Stellarum</span> <span class='ocrx_word' id='word_1_128' title='bbox 1282 962 1614 1002; x_wconf 85' lang='lat' dir='ltr'>Ascenfionibus</span> <span class='ocrx_word' id='word_1_129' title='bbox 1627 964 1764 1004; x_wconf 68' lang='lat' dir='ltr'>Rectis</span> 
     </span>
     <span class='ocr_line' id='line_1_15' title="bbox 116 1013 1764 1064; baseline 0.002 -11"><span class='ocrx_word' id='word_1_130' title='bbox 116 1013 155 1053; x_wconf 88' lang='grc'>8(</span> <span class='ocrx_word' id='word_1_131' title='bbox 165 1013 547 1053; x_wconf 91' lang='lat' dir='ltr'>Declinationibus</span> <span class='ocrx_word' id='word_1_132' title='bbox 559 1014 727 1052; x_wconf 93' lang='lat' dir='ltr'>collatis</span> <span class='ocrx_word' id='word_1_133' title='bbox 739 1014 816 1061; x_wconf 92' lang='lat' dir='ltr'>(ita</span> <span class='ocrx_word' id='word_1_134' title='bbox 825 1021 868 1052; x_wconf 90' lang='lat' dir='ltr'>vt</span> <span class='ocrx_word' id='word_1_135' title='bbox 878 1014 1175 1053; x_wconf 86' lang='lat' dir='ltr'>conformetur</span> <span class='ocrx_word' id='word_1_136' title='bbox 1183 1015 1484 1064; x_wconf 88' lang='lat' dir='ltr'>Triangulum,</span> <span class='ocrx_word' id='word_1_137' title='bbox 1497 1017 1664 1056; x_wconf 91' lang='lat' dir='ltr'>habens</span> <span class='ocrx_word' id='word_1_138' title='bbox 1676 1019 1764 1056; x_wconf 93' lang='lat' dir='ltr'>duo</span> 
     </span>
    </p>

    <p class='ocr_par' dir='ltr' id='par_1_6' title="bbox 49 1067 1763 1169">
     <span class='ocr_line' id='line_1_16' title="bbox 49 1067 1763 1116; baseline 0.002 -9"><span class='ocrx_word' id='word_1_139' title='bbox 49 1081 80 1107; x_wconf 83' lang='lat'>1⁵</span> <span class='ocrx_word' id='word_1_140' title='bbox 116 1068 273 1107; x_wconf 86' lang='lat' dir='ltr'>Latera</span> <span class='ocrx_word' id='word_1_141' title='bbox 288 1079 390 1106; x_wconf 92' lang='lat' dir='ltr'>cum</span> <span class='ocrx_word' id='word_1_142' title='bbox 404 1067 583 1116; x_wconf 86' lang='lat' dir='ltr'>Angulo</span> <span class='ocrx_word' id='word_1_143' title='bbox 604 1070 843 1115; x_wconf 91' lang='lat' dir='ltr'>intercepto</span> <span class='ocrx_word' id='word_1_144' title='bbox 865 1074 981 1112; x_wconf 90' lang='lat' dir='ltr'>nota,</span> <span class='ocrx_word' id='word_1_145' title='bbox 1003 1069 1190 1116; x_wconf 91' lang='lat' dir='ltr'>ideoque</span> <span class='ocrx_word' id='word_1_146' title='bbox 1211 1069 1248 1106; x_wconf 87' lang='lat'>&amp;</span> <span class='ocrx_word' id='word_1_147' title='bbox 1268 1072 1443 1107; x_wconf 88' lang='lat' dir='ltr'>tertium</span> <span class='ocrx_word' id='word_1_148' title='bbox 1460 1070 1763 1110; x_wconf 84' lang='lat' dir='ltr'>Remotionem</span> 
     </span>
     <span class='ocr_line' id='line_1_17' title="bbox 116 1120 1459 1169; baseline 0.001 -9"><span class='ocrx_word' id='word_1_149' title='bbox 116 1120 340 1166; x_wconf 85' lang='lat' dir='ltr'>exhibens,</span> <span class='ocrx_word' id='word_1_150' title='bbox 357 1133 449 1160; x_wconf 92' lang='lat' dir='ltr'>non</span> <span class='ocrx_word' id='word_1_151' title='bbox 465 1121 668 1168; x_wconf 90' lang='lat' dir='ltr'>celando)</span> <span class='ocrx_word' id='word_1_152' title='bbox 685 1121 930 1160; x_wconf 88' lang='lat' dir='ltr'>distantiam</span> <span class='ocrx_word' id='word_1_153' title='bbox 946 1121 1172 1169; x_wconf 83' lang='lat' dir='ltr'>quaefitam</span> <span class='ocrx_word' id='word_1_154' title='bbox 1188 1123 1459 1161; x_wconf 90' lang='lat' dir='ltr'>venabimur.</span> 
     </span>
    </p>

    <p class='ocr_par' dir='ltr' id='par_1_7' title="bbox 115 1173 1765 1330">
     <span class='ocr_line' id='line_1_18' title="bbox 169 1173 1764 1223; baseline 0.002 -10"><span class='ocrx_word' id='word_1_155' title='bbox 169 1174 223 1214; x_wconf 92' lang='lat' dir='ltr'>Vt</span> <span class='ocrx_word' id='word_1_156' title='bbox 235 1186 341 1213; x_wconf 88' lang='lat' dir='ltr'>vero</span> <span class='ocrx_word' id='word_1_157' title='bbox 357 1177 510 1213; x_wconf 92' lang='lat' dir='ltr'>omnia</span> <span class='ocrx_word' id='word_1_158' title='bbox 525 1173 682 1213; x_wconf 76' lang='lat' dir='ltr'>rec&#39;tius</span> <span class='ocrx_word' id='word_1_159' title='bbox 699 1177 1014 1223; x_wconf 85' lang='lat' dir='ltr'>concipiantur,</span> <span class='ocrx_word' id='word_1_160' title='bbox 1032 1175 1070 1213; x_wconf 85' lang='lat'>&amp;</span> <span class='ocrx_word' id='word_1_161' title='bbox 1087 1178 1192 1213; x_wconf 90' lang='lat' dir='ltr'>citra</span> <span class='ocrx_word' id='word_1_162' title='bbox 1208 1176 1390 1214; x_wconf 90' lang='lat' dir='ltr'>dubium</span> <span class='ocrx_word' id='word_1_163' title='bbox 1407 1177 1764 1221; x_wconf 80' lang='lat' dir='ltr'>demonstrentur,</span> 
     </span>
     <span class='ocr_line' id='line_1_19' title="bbox 115 1228 1765 1278; baseline 0.001 -11"><span class='ocrx_word' id='word_1_164' title='bbox 115 1228 309 1277; x_wconf 83' lang='lat' dir='ltr'>sequenti</span> <span class='ocrx_word' id='word_1_165' title='bbox 328 1235 502 1267; x_wconf 90' lang='lat' dir='ltr'>vtemur</span> <span class='ocrx_word' id='word_1_166' title='bbox 523 1228 852 1272; x_wconf 86' lang='lat' dir='ltr'>Schematismo,</span> <span class='ocrx_word' id='word_1_167' title='bbox 876 1231 951 1276; x_wconf 88' lang='lat' dir='ltr'>qui</span> <span class='ocrx_word' id='word_1_168' title='bbox 975 1229 1209 1267; x_wconf 90' lang='lat' dir='ltr'>Stellarum</span> <span class='ocrx_word' id='word_1_169' title='bbox 1232 1236 1321 1267; x_wconf 89' lang='lat' dir='ltr'>tam</span> <span class='ocrx_word' id='word_1_170' title='bbox 1344 1229 1471 1277; x_wconf 88' lang='lat' dir='ltr'>supra</span> <span class='ocrx_word' id='word_1_171' title='bbox 1495 1243 1629 1278; x_wconf 91' lang='lat' dir='ltr'>quam</span> <span class='ocrx_word' id='word_1_172' title='bbox 1652 1231 1765 1270; x_wconf 85' lang='lat' dir='ltr'>infra</span> 
     </span>
     <span class='ocr_line' id='line_1_20' title="bbox 116 1281 1764 1330; baseline 0.001 -10"><span class='ocrx_word' id='word_1_173' title='bbox 116 1282 284 1327; x_wconf 90' lang='lat' dir='ltr'>Polum,</span> <span class='ocrx_word' id='word_1_174' title='bbox 310 1281 503 1330; x_wconf 71' lang='lat' dir='ltr'>respectu</span> <span class='ocrx_word' id='word_1_175' title='bbox 526 1282 673 1320; x_wconf 88' lang='lat' dir='ltr'>Nouae</span> <span class='ocrx_word' id='word_1_176' title='bbox 697 1281 1020 1330; x_wconf 80' lang='lat' dir='ltr'>Dispositiones,</span> <span class='ocrx_word' id='word_1_177' title='bbox 1048 1283 1195 1330; x_wconf 91' lang='lat' dir='ltr'>quoad</span> <span class='ocrx_word' id='word_1_178' title='bbox 1221 1285 1314 1320; x_wconf 93' lang='lat' dir='ltr'>eius</span> <span class='ocrx_word' id='word_1_179' title='bbox 1340 1282 1434 1321; x_wconf 89' lang='lat' dir='ltr'>fieri</span> <span class='ocrx_word' id='word_1_180' title='bbox 1457 1284 1600 1330; x_wconf 86' lang='lat' dir='ltr'>potest,</span> <span class='ocrx_word' id='word_1_181' title='bbox 1624 1292 1666 1322; x_wconf 90' lang='lat' dir='ltr'>vt</span> <span class='ocrx_word' id='word_1_182' title='bbox 1689 1285 1764 1323; x_wconf 92' lang='lat' dir='ltr'>ali-</span> 
     </span>
    </p>

    <p class='ocr_par' dir='ltr' id='par_1_8' title="bbox 47 1333 1311 1386">
     <span class='ocr_line' id='line_1_21' title="bbox 47 1333 1311 1386; baseline -0.001 -12"><span class='ocrx_word' id='word_1_183' title='bbox 47 1347 80 1374; x_wconf 87' lang='lat'>20</span> <span class='ocrx_word' id='word_1_184' title='bbox 116 1341 334 1384; x_wconf 89' lang='lat' dir='ltr'>quatenus</span> <span class='ocrx_word' id='word_1_185' title='bbox 349 1335 601 1374; x_wconf 92' lang='lat' dir='ltr'>adinuicem</span> <span class='ocrx_word' id='word_1_186' title='bbox 618 1335 927 1380; x_wconf 91' lang='lat' dir='ltr'>discernantur,</span> <span class='ocrx_word' id='word_1_187' title='bbox 946 1335 1278 1383; x_wconf 69' lang='lat' dir='ltr'>repraesentabit.</span> <span class='ocrx_word' id='word_1_188' title='bbox 1297 1333 1311 1386; x_wconf 86' lang='grc' dir='ltr'>ΙΙ</span> 
     </span>
    </p>

    <p class='ocr_par' dir='ltr' id='par_1_9' title="bbox 30 1388 1765 1544">
     <span class='ocr_line' id='line_1_22' title="bbox 30 1388 1765 1439; baseline 0.001 -11"><span class='ocrx_word' id='word_1_189' title='bbox 30 1395 94 1428; x_wconf 78' lang='lat'>428</span> <span class='ocrx_word' id='word_1_190' title='bbox 170 1389 438 1438; x_wconf 90' lang='lat' dir='ltr'>Intelligatur</span> <span class='ocrx_word' id='word_1_191' title='bbox 458 1395 608 1428; x_wconf 89' lang='lat' dir='ltr'>autem</span> <span class='ocrx_word' id='word_1_192' title='bbox 624 1388 756 1439; x_wconf 87' lang='grc' dir='ltr'>λΒμν</span> <span class='ocrx_word' id='word_1_193' title='bbox 773 1389 1062 1427; x_wconf 91' lang='lat' dir='ltr'>Meridianus.</span> <span class='ocrx_word' id='word_1_194' title='bbox 1084 1389 1225 1439; x_wconf 84' lang='grc' dir='ltr'>ΤζγΧ</span> <span class='ocrx_word' id='word_1_195' title='bbox 1241 1389 1468 1437; x_wconf 84' lang='lat' dir='ltr'>AEquator,</span> <span class='ocrx_word' id='word_1_196' title='bbox 1491 1393 1614 1428; x_wconf 88' lang='lat' dir='ltr'>cuius</span> <span class='ocrx_word' id='word_1_197' title='bbox 1635 1391 1765 1430; x_wconf 91' lang='lat' dir='ltr'>Polus</span> 
     </span>
     <span class='ocr_line' id='line_1_23' title="bbox 118 1442 1765 1490; baseline 0.001 -9"><span class='ocrx_word' id='word_1_198' title='bbox 118 1442 285 1481; x_wconf 91' lang='lat' dir='ltr'>Boreus</span> <span class='ocrx_word' id='word_1_199' title='bbox 304 1443 361 1482; x_wconf 92' lang='lat' dir='ltr'>ad</span> <span class='ocrx_word' id='word_1_200' title='bbox 376 1444 430 1481; x_wconf 90' lang='lat' dir='ltr'>A.</span> <span class='ocrx_word' id='word_1_201' title='bbox 452 1442 514 1481; x_wconf 92' lang='lat' dir='ltr'>Sit</span> <span class='ocrx_word' id='word_1_202' title='bbox 529 1448 679 1481; x_wconf 92' lang='lat' dir='ltr'>autem</span> <span class='ocrx_word' id='word_1_203' title='bbox 695 1442 828 1481; x_wconf 89' lang='lat' dir='ltr'>Stella</span> <span class='ocrx_word' id='word_1_204' title='bbox 845 1443 980 1481; x_wconf 91' lang='lat' dir='ltr'>Noua</span> <span class='ocrx_word' id='word_1_205' title='bbox 995 1445 1041 1480; x_wconf 91' lang='lat' dir='ltr'>in</span> <span class='ocrx_word' id='word_1_206' title='bbox 1058 1443 1310 1480; x_wconf 84' lang='lat' dir='ltr'>Meridiano</span> <span class='ocrx_word' id='word_1_207' title='bbox 1331 1443 1459 1490; x_wconf 90' lang='lat' dir='ltr'>supra</span> <span class='ocrx_word' id='word_1_208' title='bbox 1475 1444 1630 1482; x_wconf 89' lang='lat' dir='ltr'>Polum</span> <span class='ocrx_word' id='word_1_209' title='bbox 1646 1445 1701 1483; x_wconf 93' lang='lat' dir='ltr'>ad</span> <span class='ocrx_word' id='word_1_210' title='bbox 1719 1445 1765 1487; x_wconf 85' lang='lat' dir='ltr'>B,</span> 
     </span>
     <span class='ocr_line' id='line_1_24' title="bbox 117 1495 1765 1544; baseline 0.001 -9"><span class='ocrx_word' id='word_1_211' title='bbox 117 1495 230 1535; x_wconf 83' lang='lat' dir='ltr'>infra</span> <span class='ocrx_word' id='word_1_212' title='bbox 245 1498 292 1535; x_wconf 92' lang='lat' dir='ltr'>in</span> <span class='ocrx_word' id='word_1_213' title='bbox 308 1496 358 1535; x_wconf 93' lang='lat' dir='ltr'>C.</span> <span class='ocrx_word' id='word_1_214' title='bbox 380 1496 548 1535; x_wconf 89' lang='lat' dir='ltr'>Polaris</span> <span class='ocrx_word' id='word_1_215' title='bbox 564 1496 699 1535; x_wconf 91' lang='lat' dir='ltr'>Stella</span> <span class='ocrx_word' id='word_1_216' title='bbox 715 1496 980 1544; x_wconf 90' lang='lat' dir='ltr'>intelligatur</span> <span class='ocrx_word' id='word_1_217' title='bbox 996 1503 1097 1534; x_wconf 91' lang='lat' dir='ltr'>tunc</span> <span class='ocrx_word' id='word_1_218' title='bbox 1114 1498 1158 1534; x_wconf 91' lang='lat' dir='ltr'>in</span> <span class='ocrx_word' id='word_1_219' title='bbox 1175 1504 1358 1543; x_wconf 90' lang='lat' dir='ltr'>vtroque</span> <span class='ocrx_word' id='word_1_220' title='bbox 1375 1496 1453 1534; x_wconf 85' lang='lat' dir='ltr'>sltu</span> <span class='ocrx_word' id='word_1_221' title='bbox 1469 1499 1590 1535; x_wconf 85' lang='lat' dir='ltr'>iuxta</span> <span class='ocrx_word' id='word_1_222' title='bbox 1607 1497 1647 1535; x_wconf 94' lang='lat' dir='ltr'><strong>D</strong></span> <span class='ocrx_word' id='word_1_223' title='bbox 1665 1498 1702 1535; x_wconf 87' lang='lat'>&amp;</span> <span class='ocrx_word' id='word_1_224' title='bbox 1720 1498 1765 1536; x_wconf 90' lang='lat' dir='ltr'>E.</span> 
     </span>
    </p>

    <p class='ocr_par' dir='ltr' id='par_1_10' title="bbox 170 1549 1433 1598">
     <span class='ocr_line' id='line_1_25' title="bbox 170 1549 1433 1598; baseline -0.001 -10"><span class='ocrx_word' id='word_1_225' title='bbox 170 1550 413 1589; x_wconf 90' lang='lat' dir='ltr'>Vndecima</span> <span class='ocrx_word' id='word_1_226' title='bbox 429 1549 681 1598; x_wconf 83' lang='lat' dir='ltr'>Cassiopeae,</span> <span class='ocrx_word' id='word_1_227' title='bbox 699 1552 769 1588; x_wconf 92' lang='lat' dir='ltr'>cui</span> <span class='ocrx_word' id='word_1_228' title='bbox 786 1550 920 1588; x_wconf 89' lang='lat' dir='ltr'>Noua</span> <span class='ocrx_word' id='word_1_229' title='bbox 936 1552 1081 1588; x_wconf 91' lang='lat' dir='ltr'>vicina</span> <span class='ocrx_word' id='word_1_230' title='bbox 1097 1556 1187 1588; x_wconf 91' lang='lat' dir='ltr'>erat</span> <span class='ocrx_word' id='word_1_231' title='bbox 1204 1550 1259 1588; x_wconf 94' lang='lat' dir='ltr'>ad</span> <span class='ocrx_word' id='word_1_232' title='bbox 1277 1550 1308 1587; x_wconf 90' lang='lat' dir='ltr'>F</span> <span class='ocrx_word' id='word_1_233' title='bbox 1324 1549 1361 1587; x_wconf 89' lang='grc'>8(</span> <span class='ocrx_word' id='word_1_234' title='bbox 1379 1549 1433 1588; x_wconf 90' lang='lat' dir='ltr'>G.</span> 
     </span>
    </p>

    <p class='ocr_par' dir='ltr' id='par_1_11' title="bbox 49 1603 676 1652">
     <span class='ocr_line' id='line_1_26' title="bbox 49 1603 676 1652; baseline -0.002 -10"><span class='ocrx_word' id='word_1_235' title='bbox 49 1615 82 1641; x_wconf 83' lang='lat'>25</span> <span class='ocrx_word' id='word_1_236' title='bbox 171 1603 360 1642; x_wconf 84' lang='lat' dir='ltr'>Flexura</span> <span class='ocrx_word' id='word_1_237' title='bbox 375 1615 512 1652; x_wconf 90' lang='lat' dir='ltr'>prope</span> <span class='ocrx_word' id='word_1_238' title='bbox 529 1603 575 1641; x_wconf 93' lang='lat' dir='ltr'>H</span> <span class='ocrx_word' id='word_1_239' title='bbox 592 1603 630 1641; x_wconf 88' lang='grc'>8(</span> <span class='ocrx_word' id='word_1_240' title='bbox 647 1603 676 1641; x_wconf 94' lang='grc' dir='ltr'>Ι.</span> 
     </span>
    </p>

    <p class='ocr_par' dir='ltr' id='par_1_12' title="bbox 171 1656 1210 1704">
     <span class='ocr_line' id='line_1_27' title="bbox 171 1656 1210 1704; baseline -0.001 -9"><span class='ocrx_word' id='word_1_241' title='bbox 171 1656 337 1696; x_wconf 90' lang='lat' dir='ltr'>Lucida</span> <span class='ocrx_word' id='word_1_242' title='bbox 353 1657 589 1697; x_wconf 86' lang='lat' dir='ltr'>Cathedrae</span> <span class='ocrx_word' id='word_1_243' title='bbox 605 1659 651 1695; x_wconf 89' lang='lat' dir='ltr'>in</span> <span class='ocrx_word' id='word_1_244' title='bbox 667 1663 851 1704; x_wconf 91' lang='lat' dir='ltr'>vtroque</span> <span class='ocrx_word' id='word_1_245' title='bbox 868 1656 946 1694; x_wconf 83' lang='lat' dir='ltr'>sltu</span> <span class='ocrx_word' id='word_1_246' title='bbox 962 1657 1001 1694; x_wconf 91' lang='lat' dir='ltr'><strong>K</strong></span> <span class='ocrx_word' id='word_1_247' title='bbox 1017 1663 1148 1704; x_wconf 86' lang='lat' dir='ltr'>atque</span> <span class='ocrx_word' id='word_1_248' title='bbox 1166 1657 1210 1694; x_wconf 92' lang='lat' dir='ltr'>L.</span> 
     </span>
    </p>

    <p class='ocr_par' dir='ltr' id='par_1_13' title="bbox 173 1707 698 1761">
     <span class='ocr_line' id='line_1_28' title="bbox 173 1707 698 1761; baseline 0 -12"><span class='ocrx_word' id='word_1_249' title='bbox 173 1710 414 1760; x_wconf 88' lang='lat' dir='ltr'>Cingulum</span> <span class='ocrx_word' id='word_1_250' title='bbox 429 1722 534 1749; x_wconf 90' lang='lat' dir='ltr'>vero</span> <span class='ocrx_word' id='word_1_251' title='bbox 551 1711 665 1749; x_wconf 92' lang='lat' dir='ltr'>MN.</span> <span class='ocrx_word' id='word_1_252' title='bbox 684 1707 698 1761; x_wconf 95' lang='grc' dir='ltr'>ΙΙ</span> 
     </span>
    </p>

    <p class='ocr_par' dir='ltr' id='par_1_14' title="bbox 33 1762 1374 1812">
     <span class='ocr_line' id='line_1_29' title="bbox 33 1762 1374 1812; baseline -0.002 -9"><span class='ocrx_word' id='word_1_253' title='bbox 33 1769 97 1802; x_wconf 78' lang='lat'>429</span> <span class='ocrx_word' id='word_1_254' title='bbox 173 1762 325 1803; x_wconf 70' lang='lat' dir='ltr'>Peetus</span> <span class='ocrx_word' id='word_1_255' title='bbox 340 1764 428 1803; x_wconf 86' lang='lat' dir='ltr'>flue</span> <span class='ocrx_word' id='word_1_256' title='bbox 445 1764 626 1803; x_wconf 91' lang='lat' dir='ltr'>Schedir</span> <span class='ocrx_word' id='word_1_257' title='bbox 641 1767 764 1802; x_wconf 89' lang='lat' dir='ltr'>iuxta</span> <span class='ocrx_word' id='word_1_258' title='bbox 781 1764 820 1802; x_wconf 95' lang='lat' dir='ltr'>O</span> <span class='ocrx_word' id='word_1_259' title='bbox 837 1764 1045 1812; x_wconf 88' lang='lat' dir='ltr'>superius,</span> <span class='ocrx_word' id='word_1_260' title='bbox 1063 1764 1117 1801; x_wconf 94' lang='lat' dir='ltr'>ad</span> <span class='ocrx_word' id='word_1_261' title='bbox 1135 1764 1165 1801; x_wconf 89' lang='lat' dir='ltr'>P</span> <span class='ocrx_word' id='word_1_262' title='bbox 1181 1762 1374 1800; x_wconf 85' lang='lat' dir='ltr'>inferius.</span> 
     </span>
    </p>

    <p class='ocr_par' dir='ltr' id='par_1_15' title="bbox 174 1816 1301 1866">
     <span class='ocr_line' id='line_1_30' title="bbox 174 1816 1301 1866; baseline -0.004 -9"><span class='ocrx_word' id='word_1_263' title='bbox 174 1817 308 1857; x_wconf 91' lang='lat' dir='ltr'>Stella</span> <span class='ocrx_word' id='word_1_264' title='bbox 322 1820 369 1856; x_wconf 92' lang='lat' dir='ltr'>in</span> <span class='ocrx_word' id='word_1_265' title='bbox 385 1818 541 1866; x_wconf 88' lang='lat' dir='ltr'>Capite</span> <span class='ocrx_word' id='word_1_266' title='bbox 557 1817 603 1856; x_wconf 86' lang='lat' dir='ltr'>fit</span> <span class='ocrx_word' id='word_1_267' title='bbox 620 1817 660 1865; x_wconf 94' lang='lat' dir='ltr'>Q</span> <span class='ocrx_word' id='word_1_268' title='bbox 675 1817 805 1865; x_wconf 90' lang='lat' dir='ltr'>supra</span> <span class='ocrx_word' id='word_1_269' title='bbox 820 1817 989 1861; x_wconf 92' lang='lat' dir='ltr'>Polum,</span> <span class='ocrx_word' id='word_1_270' title='bbox 1007 1817 1039 1854; x_wconf 92' lang='lat' dir='ltr'><strong>R</strong></span> <span class='ocrx_word' id='word_1_271' title='bbox 1056 1828 1160 1855; x_wconf 92' lang='lat' dir='ltr'>vero</span> <span class='ocrx_word' id='word_1_272' title='bbox 1177 1816 1301 1854; x_wconf 88' lang='lat' dir='ltr'>infra.</span> 
     </span>
    </p>

    <p class='ocr_par' dir='ltr' id='par_1_16' title="bbox 52 1869 1510 1919">
     <span class='ocr_line' id='line_1_31' title="bbox 52 1869 1510 1919; baseline -0.001 -10"><span class='ocrx_word' id='word_1_273' title='bbox 52 1881 86 1909; x_wconf 86' lang='lat'>30</span> <span class='ocrx_word' id='word_1_274' title='bbox 175 1871 567 1919; x_wconf 89' lang='lat' dir='ltr'>Quemadmodum</span> <span class='ocrx_word' id='word_1_275' title='bbox 582 1871 678 1910; x_wconf 84' lang='lat' dir='ltr'>haec</span> <span class='ocrx_word' id='word_1_276' title='bbox 695 1871 793 1909; x_wconf 91' lang='lat' dir='ltr'>satis</span> <span class='ocrx_word' id='word_1_277' title='bbox 810 1882 862 1908; x_wconf 83' lang='lat' dir='ltr'>ex</span> <span class='ocrx_word' id='word_1_278' title='bbox 879 1871 968 1919; x_wconf 90' lang='lat' dir='ltr'>ipsa</span> <span class='ocrx_word' id='word_1_279' title='bbox 985 1870 1262 1918; x_wconf 87' lang='lat' dir='ltr'>Figuratione</span> <span class='ocrx_word' id='word_1_280' title='bbox 1278 1869 1510 1917; x_wconf 88' lang='lat' dir='ltr'>patescunt.</span> 
     </span>
    </p>

    <p class='ocr_par' dir='ltr' id='par_1_17' title="bbox 122 1923 1768 2124">
     <span class='ocr_line' id='line_1_32' title="bbox 175 1923 1768 1972; baseline -0.003 -8"><span class='ocrx_word' id='word_1_281' title='bbox 175 1924 239 1963; x_wconf 87' lang='lat' dir='ltr'>Ex</span> <span class='ocrx_word' id='word_1_282' title='bbox 250 1924 319 1964; x_wconf 90' lang='lat' dir='ltr'>his</span> <span class='ocrx_word' id='word_1_283' title='bbox 330 1925 550 1964; x_wconf 88' lang='lat' dir='ltr'>distantias</span> <span class='ocrx_word' id='word_1_284' title='bbox 560 1925 707 1963; x_wconf 85' lang='lat' dir='ltr'>Nouae</span> <span class='ocrx_word' id='word_1_285' title='bbox 717 1931 808 1963; x_wconf 91' lang='lat' dir='ltr'>tam</span> <span class='ocrx_word' id='word_1_286' title='bbox 819 1924 947 1972; x_wconf 89' lang='lat' dir='ltr'>supra</span> <span class='ocrx_word' id='word_1_287' title='bbox 957 1936 1091 1972; x_wconf 92' lang='lat' dir='ltr'>quam</span> <span class='ocrx_word' id='word_1_288' title='bbox 1102 1923 1215 1961; x_wconf 89' lang='lat' dir='ltr'>infra</span> <span class='ocrx_word' id='word_1_289' title='bbox 1225 1923 1392 1965; x_wconf 88' lang='lat' dir='ltr'>Polum,</span> <span class='ocrx_word' id='word_1_290' title='bbox 1405 1925 1450 1960; x_wconf 91' lang='lat' dir='ltr'>in</span> <span class='ocrx_word' id='word_1_291' title='bbox 1462 1923 1768 1970; x_wconf 85' lang='lat' dir='ltr'>praesuppofita</span> 
     </span>
     <span class='ocr_line' id='line_1_33' title="bbox 122 1977 1768 2028; baseline 0.001 -12"><span class='ocrx_word' id='word_1_292' title='bbox 122 1978 149 2015; x_wconf 69' lang='lat' dir='ltr'>a</span> <span class='ocrx_word' id='word_1_293' title='bbox 163 1977 308 2017; x_wconf 90' lang='lat' dir='ltr'>Terris</span> <span class='ocrx_word' id='word_1_294' title='bbox 328 1979 607 2028; x_wconf 88' lang='lat' dir='ltr'>elongatione</span> <span class='ocrx_word' id='word_1_295' title='bbox 628 1990 763 2027; x_wconf 90' lang='lat' dir='ltr'>penes</span> <span class='ocrx_word' id='word_1_296' title='bbox 781 1978 920 2017; x_wconf 93' lang='lat' dir='ltr'>Orbes</span> <span class='ocrx_word' id='word_1_297' title='bbox 937 1978 1075 2015; x_wconf 87' lang='lat' dir='ltr'>Lunae</span> <span class='ocrx_word' id='word_1_298' title='bbox 1097 1977 1166 2015; x_wconf 91' lang='lat' dir='ltr'>vel</span> <span class='ocrx_word' id='word_1_299' title='bbox 1182 1977 1306 2018; x_wconf 83' lang='lat' dir='ltr'>Solis,</span> <span class='ocrx_word' id='word_1_300' title='bbox 1328 1977 1470 2023; x_wconf 88' lang='lat' dir='ltr'>qualis</span> <span class='ocrx_word' id='word_1_301' title='bbox 1491 1979 1768 2024; x_wconf 86' lang='lat' dir='ltr'>contingeret.</span> 
     </span>
     <span class='ocr_line' id='line_1_34' title="bbox 122 2029 1768 2078; baseline -0.002 -8"><span class='ocrx_word' id='word_1_302' title='bbox 122 2030 152 2069; x_wconf 89' lang='lat' dir='ltr'>fi</span> <span class='ocrx_word' id='word_1_303' title='bbox 167 2043 258 2070; x_wconf 91' lang='lat' dir='ltr'>non</span> <span class='ocrx_word' id='word_1_304' title='bbox 273 2034 319 2070; x_wconf 93' lang='lat' dir='ltr'>in</span> <span class='ocrx_word' id='word_1_305' title='bbox 334 2035 493 2071; x_wconf 85' lang='lat' dir='ltr'>maiori</span> <span class='ocrx_word' id='word_1_306' title='bbox 509 2035 754 2071; x_wconf 90' lang='lat' dir='ltr'>remotione</span> <span class='ocrx_word' id='word_1_307' title='bbox 766 2044 792 2070; x_wconf 92' lang='lat' dir='ltr'>a</span> <span class='ocrx_word' id='word_1_308' title='bbox 804 2031 930 2069; x_wconf 90' lang='lat' dir='ltr'>nobis</span> <span class='ocrx_word' id='word_1_309' title='bbox 943 2031 1133 2069; x_wconf 83' lang='lat' dir='ltr'>abfuisset</span> <span class='ocrx_word' id='word_1_310' title='bbox 1145 2030 1277 2069; x_wconf 88' lang='lat' dir='ltr'>Stella</span> <span class='ocrx_word' id='word_1_311' title='bbox 1289 2029 1586 2078; x_wconf 86' lang='lat' dir='ltr'>peruestigare,</span> <span class='ocrx_word' id='word_1_312' title='bbox 1604 2029 1656 2068; x_wconf 87' lang='lat' dir='ltr'>fic</span> <span class='ocrx_word' id='word_1_313' title='bbox 1673 2041 1768 2077; x_wconf 90' lang='lat' dir='ltr'>pro-</span> 
     </span>
     <span class='ocr_line' id='line_1_35' title="bbox 123 2085 339 2124; baseline 0.005 -1"><span class='ocrx_word' id='word_1_314' title='bbox 123 2085 339 2124; x_wconf 91' lang='lat' dir='ltr'>cedemus.</span> 
     </span>
    </p>

    <p class='ocr_par' dir='ltr' id='par_1_18' title="bbox 53 2136 1771 2397">
     <span class='ocr_line' id='line_1_36' title="bbox 53 2136 1769 2188; baseline -0.001 -13"><span class='ocrx_word' id='word_1_315' title='bbox 53 2148 86 2175; x_wconf 85' lang='lat'>35</span> <span class='ocrx_word' id='word_1_316' title='bbox 176 2137 404 2186; x_wconf 91' lang='lat' dir='ltr'>Quoniam</span> <span class='ocrx_word' id='word_1_317' title='bbox 419 2139 550 2188; x_wconf 85' lang='lat' dir='ltr'>ipsius</span> <span class='ocrx_word' id='word_1_318' title='bbox 562 2140 709 2178; x_wconf 86' lang='lat' dir='ltr'>Nouae</span> <span class='ocrx_word' id='word_1_319' title='bbox 722 2138 924 2177; x_wconf 85' lang='lat' dir='ltr'>Ascenfio</span> <span class='ocrx_word' id='word_1_320' title='bbox 937 2137 1066 2176; x_wconf 64' lang='lat' dir='ltr'>Recta</span> <span class='ocrx_word' id='word_1_321' title='bbox 1078 2149 1212 2184; x_wconf 89' lang='lat' dir='ltr'>quarn</span> <span class='ocrx_word' id='word_1_322' title='bbox 1229 2148 1384 2174; x_wconf 90' lang='lat' dir='ltr'>reuera</span> <span class='ocrx_word' id='word_1_323' title='bbox 1401 2136 1598 2178; x_wconf 88' lang='lat' dir='ltr'>obtinuit,</span> <span class='ocrx_word' id='word_1_324' title='bbox 1616 2136 1769 2183; x_wconf 90' lang='lat' dir='ltr'>Capite</span> 
     </span>
     <span class='ocr_line' id='line_1_37' title="bbox 123 2190 1770 2241; baseline -0.002 -11"><span class='ocrx_word' id='word_1_325' title='bbox 123 2193 276 2240; x_wconf 90' lang='lat' dir='ltr'>quinto</span> <span class='ocrx_word' id='word_1_326' title='bbox 291 2192 499 2232; x_wconf 87' lang='lat' dir='ltr'>subtiliter</span> <span class='ocrx_word' id='word_1_327' title='bbox 515 2192 717 2241; x_wconf 84' lang='lat' dir='ltr'>inquisita</span> <span class='ocrx_word' id='word_1_328' title='bbox 733 2198 825 2230; x_wconf 91' lang='lat' dir='ltr'>erat</span> <span class='ocrx_word' id='word_1_329' title='bbox 841 2192 883 2229; x_wconf 88' lang='lat' dir='ltr'>P.</span> <span class='ocrx_word' id='word_1_330' title='bbox 901 2192 936 2229; x_wconf 93' lang='grc' dir='ltr'>Ο.</span> <span class='ocrx_word' id='word_1_331' title='bbox 957 2190 981 2239; x_wconf 84' lang='grc' dir='ltr'>Ι.</span> <span class='ocrx_word' id='word_1_332' title='bbox 999 2191 1061 2229; x_wconf 82' lang='lat'>26.</span> <span class='ocrx_word' id='word_1_333' title='bbox 1081 2190 1124 2238; x_wconf 79' lang='lat' dir='ltr'>ll.</span> <span class='ocrx_word' id='word_1_334' title='bbox 1142 2191 1204 2233; x_wconf 89' lang='lat'>25,</span> <span class='ocrx_word' id='word_1_335' title='bbox 1226 2191 1409 2237; x_wconf 85' lang='lat' dir='ltr'>haecque</span> <span class='ocrx_word' id='word_1_336' title='bbox 1426 2192 1484 2227; x_wconf 90' lang='lat' dir='ltr'>vti</span> <span class='ocrx_word' id='word_1_337' title='bbox 1502 2191 1703 2230; x_wconf 80' lang='lat' dir='ltr'>diximus,</span> <span class='ocrx_word' id='word_1_338' title='bbox 1726 2192 1770 2227; x_wconf 90' lang='lat' dir='ltr'>in</span> 
     </span>
     <span class='ocr_line' id='line_1_38' title="bbox 124 2244 1769 2294; baseline 0.001 -11"><span class='ocrx_word' id='word_1_339' title='bbox 124 2244 375 2285; x_wconf 88' lang='lat' dir='ltr'>Meridiano</span> <span class='ocrx_word' id='word_1_340' title='bbox 398 2253 489 2286; x_wconf 90' lang='lat' dir='ltr'>tam</span> <span class='ocrx_word' id='word_1_341' title='bbox 510 2247 639 2294; x_wconf 88' lang='lat' dir='ltr'>supra</span> <span class='ocrx_word' id='word_1_342' title='bbox 663 2247 798 2294; x_wconf 76' lang='lat' dir='ltr'>quam</span> <span class='ocrx_word' id='word_1_343' title='bbox 821 2245 934 2283; x_wconf 84' lang='lat' dir='ltr'>infra</span> <span class='ocrx_word' id='word_1_344' title='bbox 958 2245 1114 2282; x_wconf 91' lang='lat' dir='ltr'>Polum</span> <span class='ocrx_word' id='word_1_345' title='bbox 1137 2244 1297 2291; x_wconf 89' lang='lat' dir='ltr'>vbique</span> <span class='ocrx_word' id='word_1_346' title='bbox 1323 2244 1478 2281; x_wconf 91' lang='lat' dir='ltr'>eadem</span> <span class='ocrx_word' id='word_1_347' title='bbox 1503 2250 1769 2291; x_wconf 85' lang='lat' dir='ltr'>permaneat.</span> 
     </span>
     <span class='ocr_line' id='line_1_39' title="bbox 124 2296 1770 2347; baseline -0.002 -11"><span class='ocrx_word' id='word_1_348' title='bbox 124 2309 224 2337; x_wconf 92' lang='lat' dir='ltr'>cum</span> <span class='ocrx_word' id='word_1_349' title='bbox 246 2299 420 2338; x_wconf 89' lang='lat' dir='ltr'>nullum</span> <span class='ocrx_word' id='word_1_350' title='bbox 440 2300 487 2338; x_wconf 87' lang='lat' dir='ltr'>fit</span> <span class='ocrx_word' id='word_1_351' title='bbox 507 2312 624 2338; x_wconf 87' lang='lat' dir='ltr'>verae</span> <span class='ocrx_word' id='word_1_352' title='bbox 646 2306 777 2347; x_wconf 91' lang='lat' dir='ltr'>atque</span> <span class='ocrx_word' id='word_1_353' title='bbox 799 2299 899 2337; x_wconf 83' lang='lat' dir='ltr'>visae</span> <span class='ocrx_word' id='word_1_354' title='bbox 921 2298 1206 2340; x_wconf 80' lang='lat' dir='ltr'>Ascenslonis,</span> <span class='ocrx_word' id='word_1_355' title='bbox 1231 2304 1573 2344; x_wconf 89' lang='lat' dir='ltr'>quantacunque</span> <span class='ocrx_word' id='word_1_356' title='bbox 1594 2296 1770 2334; x_wconf 90' lang='lat' dir='ltr'>tandem</span> 
     </span>
     <span class='ocr_line' id='line_1_40' title="bbox 123 2349 1771 2397; baseline -0.002 -7"><span class='ocrx_word' id='word_1_357' title='bbox 123 2350 251 2391; x_wconf 84' lang='lat' dir='ltr'>fuerit</span> <span class='ocrx_word' id='word_1_358' title='bbox 266 2353 508 2392; x_wconf 85' lang='lat' dir='ltr'>Parallaxis</span> <span class='ocrx_word' id='word_1_359' title='bbox 524 2356 570 2392; x_wconf 88' lang='lat' dir='ltr'>in</span> <span class='ocrx_word' id='word_1_360' title='bbox 587 2353 766 2392; x_wconf 92' lang='lat' dir='ltr'>Circulo</span> <span class='ocrx_word' id='word_1_361' title='bbox 787 2352 1046 2395; x_wconf 91' lang='lat' dir='ltr'>meridiano,</span> <span class='ocrx_word' id='word_1_362' title='bbox 1068 2351 1307 2392; x_wconf 88' lang='lat' dir='ltr'>discrimen,</span> <span class='ocrx_word' id='word_1_363' title='bbox 1330 2350 1578 2388; x_wconf 89' lang='lat' dir='ltr'>Declinatio</span> <span class='ocrx_word' id='word_1_364' title='bbox 1600 2349 1771 2397; x_wconf 92' lang='lat' dir='ltr'>insuper</span> 
     </span>
    </p>

    <p class='ocr_par' dir='ltr' id='par_1_19' title="bbox 54 2403 1770 2505">
     <span class='ocr_line' id='line_1_41' title="bbox 54 2403 1770 2454; baseline -0.001 -12"><span class='ocrx_word' id='word_1_365' title='bbox 54 2415 88 2442; x_wconf 80' lang='grc' dir='ltr'>4ο</span> <span class='ocrx_word' id='word_1_366' title='bbox 124 2416 228 2444; x_wconf 90' lang='lat' dir='ltr'>vera</span> <span class='ocrx_word' id='word_1_367' title='bbox 243 2406 668 2454; x_wconf 87' lang='lat' dir='ltr'>depraehendebatur</span> <span class='ocrx_word' id='word_1_368' title='bbox 683 2413 790 2454; x_wconf 89' lang='lat' dir='ltr'>part.</span> <span class='ocrx_word' id='word_1_369' title='bbox 804 2407 857 2444; x_wconf 82' lang='lat'>61.</span> <span class='ocrx_word' id='word_1_370' title='bbox 878 2404 902 2453; x_wconf 76' lang='lat' dir='ltr'>l.</span> <span class='ocrx_word' id='word_1_371' title='bbox 915 2406 977 2443; x_wconf 82' lang='lat'>46.</span> <span class='ocrx_word' id='word_1_372' title='bbox 997 2404 1039 2452; x_wconf 75' lang='lat' dir='ltr'>ll.</span> <span class='ocrx_word' id='word_1_373' title='bbox 1053 2406 1114 2442; x_wconf 87' lang='lat'>45.</span> <span class='ocrx_word' id='word_1_374' title='bbox 1134 2404 1247 2451; x_wconf 81' lang='lat' dir='ltr'>Quae</span> <span class='ocrx_word' id='word_1_375' title='bbox 1264 2405 1553 2441; x_wconf 89' lang='lat' dir='ltr'>mutationem</span> <span class='ocrx_word' id='word_1_376' title='bbox 1570 2403 1676 2440; x_wconf 89' lang='lat' dir='ltr'>subit</span> <span class='ocrx_word' id='word_1_377' title='bbox 1693 2414 1770 2450; x_wconf 92' lang='lat' dir='ltr'>pro</span> 
     </span>
     <span class='ocr_line' id='line_1_42' title="bbox 124 2456 1769 2505; baseline -0.002 -8"><span class='ocrx_word' id='word_1_378' title='bbox 124 2461 292 2498; x_wconf 92' lang='lat' dir='ltr'>ratione</span> <span class='ocrx_word' id='word_1_379' title='bbox 315 2461 506 2499; x_wconf 86' lang='lat' dir='ltr'>assumtae</span> <span class='ocrx_word' id='word_1_380' title='bbox 530 2460 740 2499; x_wconf 78' lang='lat' dir='ltr'>distantiae</span> <span class='ocrx_word' id='word_1_381' title='bbox 762 2459 907 2498; x_wconf 86' lang='lat' dir='ltr'>Stellae</span> <span class='ocrx_word' id='word_1_382' title='bbox 929 2471 954 2497; x_wconf 92' lang='lat' dir='ltr'>a</span> <span class='ocrx_word' id='word_1_383' title='bbox 975 2458 1122 2500; x_wconf 86' lang='lat' dir='ltr'>Terra,</span> <span class='ocrx_word' id='word_1_384' title='bbox 1147 2464 1359 2505; x_wconf 89' lang='lat' dir='ltr'>quantam</span> <span class='ocrx_word' id='word_1_385' title='bbox 1380 2457 1619 2495; x_wconf 84' lang='lat' dir='ltr'>Parallaxis</span> <span class='ocrx_word' id='word_1_386' title='bbox 1643 2459 1687 2493; x_wconf 83' lang='lat' dir='ltr'>in</span> <span class='ocrx_word' id='word_1_387' title='bbox 1709 2456 1769 2493; x_wconf 91' lang='lat' dir='ltr'>su-</span> 
     </span>
    </p>
   </div>
   <div class='ocr_carea' id='block_1_3' title="bbox 124 2511 1770 2599">
    <p class='ocr_par' dir='ltr' id='par_1_20' title="bbox 124 2511 1770 2599">
     <span class='ocr_line' id='line_1_43' title="bbox 124 2511 1642 2599; baseline -0.001 -49"><span class='ocrx_word' id='word_1_388' title='bbox 124 2523 276 2560; x_wconf 89' lang='lat' dir='ltr'>premo</span> <span class='ocrx_word' id='word_1_389' title='bbox 292 2520 368 2552; x_wconf 88' lang='lat' dir='ltr'>aut</span> <span class='ocrx_word' id='word_1_390' title='bbox 383 2513 538 2552; x_wconf 90' lang='lat' dir='ltr'>infimo</span> <span class='ocrx_word' id='word_1_391' title='bbox 556 2513 795 2552; x_wconf 88' lang='lat' dir='ltr'>Meridiani</span> <span class='ocrx_word' id='word_1_392' title='bbox 811 2513 901 2555; x_wconf 82' lang='lat' dir='ltr'>situ,</span> <span class='ocrx_word' id='word_1_393' title='bbox 918 2511 1113 2559; x_wconf 86' lang='lat' dir='ltr'>postulat.</span> <span class='ocrx_word' id='word_1_394' title='bbox 1579 2563 1608 2599; x_wconf 75' lang='lat' dir='ltr'>P</span> <span class='ocrx_word' id='word_1_395' title='bbox 1637 2564 1642 2570; x_wconf 21' lang='lat'><em>⁵</em></span> 
     </span>
     <span class='ocr_line' id='line_1_44' title="bbox 1613 2573 1770 2599; baseline -0.006 0"><span class='ocrx_word' id='word_1_396' title='bbox 1613 2573 1770 2599; x_wconf 81' lang='lat' dir='ltr'>rlmum</span> 
     </span>
    </p>
   </div>
  </div>
 </body>
</html>
