2164 3246
400 227 1060 267 PROGYMNASMATUM
1082 229 1285 268 PRIMA
1306 231 1457 270 PARS
1689 233 1755 271 135

25 351 83 384 123
429 336 593 381 VSVS
613 336 901 381 TABVLAE
922 337 1430 384 PARALLAXIVM.

196 404 408 443 VANDO
430 404 676 443 distantiam
692 405 832 443 Lunae
853 417 877 443 a
897 405 1045 449 Terra,
1067 406 1346 455 eiusdemque
1363 408 1613 447 Parallaxin
1634 411 1754 448 inda-

209 470 310 506 gare
321 457 541 503 volumus,
558 459 718 496 necesse
736 458 802 503 est,
820 465 866 496 ut
882 461 1003 506 prius
1015 459 1161 498 locum
1174 461 1312 498 Lunae
1324 473 1478 500 verum
1491 474 1542 500 ex
1555 462 1666 501 hisce
1679 475 1755 501 no-

105 512 195 550 Rris
209 511 370 550 tabulis
385 511 667 559 supputatum
678 514 724 549 in
735 518 911 559 promtu
927 512 1184 557 habeamus,
1202 517 1420 562 praecipue
1437 522 1585 553 autem
1598 516 1754 554 Eccen-

55 579 70 605 5
105 567 345 610 tricitatem,
361 564 757 613 Prosthaphaerefin
773 565 1123 610 Eccentricitatis,
1141 579 1228 605 vna
1245 579 1345 605 cum
1361 569 1600 606 Anomalia
1617 570 1755 607 Lunae

106 618 293 657 secundo
309 624 552 666 coaequata.
569 618 690 656 Nam
705 618 809 656 ficut
824 618 864 656 se
881 618 1013 657 habet
1024 619 1406 667 Prosthaphaerefis
1419 621 1755 660 Eccentricitatis

106 672 161 711 ad
176 671 316 720 ipsum
332 671 446 710 latus
462 671 814 716 Eccentricitatis,
833 674 893 710 ita
908 672 1024 709 finus
1040 674 1294 711 Anomaliae
1310 674 1497 712 secundo
1515 682 1755 722 coaequatae

106 725 162 764 ad
176 736 327 764 veram
343 725 605 764 Distantiam
621 725 761 763 Lunae
776 736 803 763 a
813 724 961 769 Terra,
979 727 1025 762 in
1041 726 1190 764 iisdem
1206 728 1412 774 partibus,
1430 739 1618 774 quarum
1635 728 1754 766 semi-

107 778 316 818 diameter
331 778 569 817 Eccentrici
587 778 736 817 100000
752 778 956 816 assumtus
973 778 1040 816 est.
1061 778 1175 825 Quae
1192 780 1349 818 deinde
1366 792 1466 818 cum
1482 783 1534 818 iis
1550 781 1755 819 distantiis

41 845 72 871 ιο
106 834 152 870 in
166 831 376 880 superiori
391 837 513 880 parte
529 831 692 870 tabulae
709 834 886 880 integris
901 831 1231 870 semidiametris
1242 833 1389 871 Terrae
1407 836 1638 876 annotatis.
1656 846 1754 872 con-

106 884 280 930 feratur,
296 886 540 934 graduique
552 885 794 924 altitudinis
806 885 1148 933 correspondens
1161 886 1400 924 Parallaxis
1418 887 1629 933 (adhibita
1641 894 1754 925 utro-

106 939 249 987 bique,
259 938 290 977 fi
298 950 411 987 opus
419 938 560 983 fuerit,
570 950 648 986 per
657 944 826 986 partem
835 939 1211 986 proportionalem
1221 938 1499 984 corretffione,
1510 947 1638 987 prout
1648 941 1755 979 alias

107 991 201 1030 fieri
215 991 336 1039 solet)
353 997 625 1040 excerpatur,
642 992 761 1040 quod
778 1003 832 1030 ex
847 991 1043 1040 sequenti
1059 993 1261 1040 exemplo
1278 992 1403 1031 facile
1419 994 1680 1041 intelligitur.

583 1081 914 1119 EXEMPLVM
935 1081 999 1119 IN
1020 1081 1279 1120 APOGEO.

40 1156 71 1182 1⁵
181 1143 315 1183 NNO
331 1143 439 1188 1597,
456 1143 610 1182 Mense
627 1143 805 1188 Martio,
823 1143 878 1182 D.
891 1144 945 1182 15.
963 1143 1091 1182 Hora
1102 1144 1137 1182 5.
1156 1144 1219 1182 Μ.
1232 1144 1294 1182 36.
1313 1144 1550 1183 Observata
1562 1145 1616 1182 est
1629 1145 1754 1183 Luna

221 1208 298 1245 per
312 1196 618 1235 Meridianum
638 1196 899 1241 transeunte,
921 1197 1105 1235 altitudo
1127 1197 1255 1245 ipfius
1276 1198 1338 1236 62.
1356 1198 1398 1235 P.
1416 1198 1478 1235 24.
1498 1196 1523 1245 Ι.
1543 1198 1754 1245 ipsiusque

105 1249 308 1289 Latitudo
323 1249 414 1289 visa
427 1251 464 1288 4.
477 1250 521 1288 P.
538 1250 601 1289 48.
616 1248 641 1299 Ι.
660 1250 874 1289 Borealis:
891 1262 997 1289 vera
1013 1256 1161 1289 autem
1178 1251 1380 1289 Latitudo
1397 1251 1535 1289 Lunae
1553 1258 1643 1289 erat
1659 1252 1695 1289 5.
1711 1251 1753 1289 P.

105 1303 158 1342 14.
176 1301 202 1352 Ι.
218 1303 281 1343 50.
300 1301 344 1352 ΙΙ.
366 1303 465 1342 Bor.
488 1303 602 1352 Ergo
622 1303 870 1342 differentia
890 1303 1023 1342 huius
1044 1303 1082 1341 &
1103 1303 1204 1342 visae
1226 1304 1484 1342 Latitudinis
1505 1304 1567 1342 26.
1587 1303 1612 1352 Ι.
1629 1305 1691 1343 50.
1711 1303 1753 1352 ΙΙ.

105 1356 160 1395 est
169 1356 411 1396 Parallaxis
422 1357 697 1402 Altitudinis;
713 1369 848 1405 quam
861 1369 914 1395 ex
926 1357 1084 1395 tabulis
1097 1369 1274 1405 quoque
1286 1357 1536 1405 investigare
1549 1357 1754 1395 volumus

37 1422 70 1449 20
105 1409 188 1449 hoc
203 1410 349 1449 modo.
366 1411 438 1449 Ad
451 1410 645 1459 Tempus
662 1411 814 1449 datum
831 1411 1093 1459 colliguntur
1110 1411 1249 1449 Medii
1265 1417 1409 1448 motus
1426 1411 1582 1453 Lunae;
1600 1411 1753 1458 Longi-

103 1464 266 1503 tudinis
279 1463 317 1503 3.
334 1464 375 1503 S.
392 1465 420 1502 1.
436 1464 480 1503 P.
497 1464 552 1502 21.
569 1463 594 1513 Ι.
612 1464 675 1502 24.
690 1462 733 1512 ΙΙ.
751 1464 1005 1502 Anomaliae
1023 1464 1076 1502 19.
1089 1464 1131 1502 P.
1145 1464 1198 1502 10.
1213 1462 1237 1512 Ι.
1251 1464 1313 1502 37.
1328 1462 1371 1511 ΙΙ.
1389 1464 1648 1502 Latitudinis
1664 1464 1699 1502 3.
1713 1463 1752 1502 S.

104 1517 140 1556 9.
156 1517 199 1556 P.
215 1517 279 1556 30.
297 1515 323 1566 Ι.
339 1517 403 1557 58.
422 1515 466 1566 ΙΙ.
485 1518 628 1556 Verus
648 1518 771 1556 locus
791 1516 867 1562 Θῑὸ
883 1518 919 1556 5.
937 1518 980 1555 Ρ.
998 1518 1033 1556 7.
1053 1516 1078 1565 Ι.
1096 1517 1158 1555 26.
1178 1516 1220 1565 ΙΙ.
1241 1524 1300 1557 V.
1319 1517 1621 1555 Eccentricitas
1637 1517 1752 1555 4345.

104 1570 354 1619 Prosthaph.
380 1571 720 1610 Eccentricitatis
745 1572 808 1610 47.
835 1569 860 1619 Ι.
886 1571 949 1609 52.
977 1570 1020 1619 ΙΙ.
1047 1571 1286 1609 Anomalia
1311 1570 1499 1608 secundo
1525 1577 1754 1618 coaequata

104 1623 167 1663 20.
178 1623 222 1663 Ρ.
234 1625 261 1663 1.
275 1622 302 1673 Ι.
313 1624 377 1664 27.
391 1622 435 1673 ΙΙ.
453 1625 560 1670 Iam,
576 1630 623 1663 ut
639 1624 755 1663 finus
772 1624 1156 1672 Prosthaphaerefis
1170 1624 1506 1662 Eccentricitatis
1523 1624 1682 1667 139234,
1699 1624 1754 1661 ad

36 1689 70 1715 25
105 1676 240 1726 ipsam
251 1677 625 1717 Eccentricitatem
636 1678 757 1717 4345:
770 1680 829 1716 ita
840 1678 956 1716 finus
969 1677 1294 1725 Complementi
1304 1677 1555 1715 Anomaliae
1567 1676 1754 1714 secundo

105 1736 346 1780 eoaequatae
368 1731 554 1770 3424209
576 1732 632 1770 ad
655 1731 901 1770 distantiam
925 1732 1063 1769 Lunae
1088 1743 1114 1769 a
1139 1731 1285 1774 Terra,
1314 1742 1414 1778 quae
1438 1732 1515 1768 erit
1539 1730 1685 1768 106857
1709 1732 1753 1767 in

105 1784 299 1833 partibus
315 1785 639 1824 Semidiametri
656 1785 905 1823 Eccentrici.
926 1784 1043 1823 Cum
1059 1784 1141 1822 hac
1159 1785 1359 1832 ingressus
1375 1783 1593 1821 Tabulam
1610 1783 1752 1821 Paral—

105 1837 285 1884 laxium‚
298 1838 477 1877 confero
488 1839 681 1887 reliquas
693 1841 739 1877 in
750 1838 961 1886 superiori
972 1840 1168 1886 margine
1181 1843 1412 1875 annotatas
1425 1837 1657 1879 distantias,
1670 1836 1753 1874 fac-

105 1896 236 1940 taque
251 1903 328 1940 per
343 1897 513 1940 partem
528 1892 904 1940 proportionalem
919 1889 1198 1933 correctione,
1216 1890 1399 1938 exsurgit
1411 1890 1650 1928 Parallaxis
1663 1890 1754 1927 alti—

38 1955 72 1982 ³0
106 1945 267 1984 tudinis
283 1945 424 1984 Lunae
439 1945 503 1984 26.
522 1944 547 1994 Ι.
564 1946 628 1985 47.
647 1944 690 1994 ΙΙ.

580 2034 908 2073 EXEMPLVM
932 2034 993 2071 IN
1016 2033 1282 2071 PERIGEO.

105 2096 315 2188 ANNO
335 2097 443 2141 1592,
464 2096 646 2146 Augusti
662 2097 704 2135 19
721 2097 818 2141 Die,
841 2096 969 2134 Hora
986 2096 1038 2134 18.
1056 2095 1120 2133 M.
1137 2095 1172 2133 8.
1192 2094 1430 2133 Observata
1447 2093 1500 2131 est
1518 2093 1757 2131 Parallaxis

216 2149 356 2189 Lunae
371 2152 418 2189 in
434 2151 597 2189 circulo
614 2150 871 2188 Altitudinis
886 2150 949 2188 38.
965 2148 989 2197 Ι.
1004 2149 1056 2187 10.
1072 2147 1083 2196 Ι
1090 2147 1101 2196 Ι
1107 2180 1114 2186 .
1133 2148 1330 2186 Eandem
1347 2148 1402 2185 ad
1418 2154 1588 2194 tempus
1605 2147 1755 2185 datum

106 2213 159 2241 ex
181 2203 341 2242 tabulis
363 2206 424 2242 ita
445 2203 765 2252 investigamus.
793 2203 1079 2250 Inquiruntur
1104 2204 1245 2249 primo
1270 2201 1409 2239 Medii
1432 2207 1576 2238 motus
1600 2200 1754 2237 Lunae:

38 2266 71 2292 3⁵
107 2255 408 2305 Longitudinis
423 2257 460 2296 9.
478 2257 518 2296 S.
536 2259 563 2296 1.
580 2257 623 2296 Ρ.
640 2257 703 2295 22.
723 2256 748 2305 Ι.
766 2257 828 2295 53.
849 2255 891 2304 ΙΙ.
911 2255 1164 2294 Anomaliae
1181 2255 1216 2293 6.
1230 2254 1269 2293 S.
1282 2255 1318 2292 0.
1332 2254 1373 2291 Ρ.
1392 2254 1453 2291 42.
1469 2252 1493 2300 Ι.
1507 2254 1568 2291 40.
1584 2252 1626 2300 ΙΙ.
1645 2253 1756 2290 Lati-

106 2309 267 2349 tudinis
286 2311 331 2349 11.
349 2310 389 2349 S.
407 2311 460 2349 16.
478 2311 521 2349 P.
538 2311 602 2349 39.
621 2309 646 2359 Ι.
663 2311 718 2349 31.
737 2309 780 2359 ΙΙ.
798 2310 940 2348 Verus
956 2309 1078 2347 locus
1095 2308 1208 2347 Solis
1225 2308 1260 2346 6.
1279 2308 1320 2345 P.
1338 2308 1400 2344 44.
1420 2306 1444 2354 Ι.
1463 2307 1515 2345 18.
1535 2306 1578 2354 ΙΙ.
1598 2313 1657 2354 ῐῐΡ.
1681 2306 1754 2343 Ec-

106 2365 348 2402 centricitas
367 2364 475 2402 4341.
497 2363 882 2412 Prosthaphaerefis
904 2363 1241 2401 Eccentricitatis
1262 2361 1297 2399 6.
1321 2360 1346 2408 l.
1370 2361 1431 2398 56.
1453 2359 1494 2407 ΙΙ.
1518 2359 1755 2397 Anomalia

105 2414 292 2455 seeundo
309 2423 540 2465 coaequata
556 2418 592 2456 5.
607 2417 647 2456 S.
662 2417 726 2456 27.
741 2417 784 2455 P.
800 2417 854 2455 31.
872 2415 897 2464 Ι.
912 2417 974 2454 47.
992 2414 1035 2463 ΙΙ.
1054 2416 1226 2453 Deinde
1243 2414 1301 2457 fit,
1319 2420 1365 2451 ut
1379 2414 1493 2451 finus
1506 2412 1644 2451 red'tus
1657 2412 1755 2449 Pro-

105 2467 444 2518 sthaphaereseos
455 2471 806 2512 Eccentricitatis.
819 2469 953 2513 20168,
967 2469 1021 2507 ad
1035 2469 1170 2516 ipsam
1181 2468 1551 2506 Eccentricitatem
1564 2466 1674 2503 4341:
1688 2465 1755 2502 Sic

26 2526 85 2560 124
107 2520 221 2561 finus
230 2523 557 2572 Complementi
565 2524 820 2562 Anomaliae
830 2523 1018 2561 secundo
1029 2519 1043 2571 ΙΙ
1054 2528 1296 2568 coaequatae
1306 2520 1439 2562 43102,
1450 2520 1504 2557 ad
1515 2519 1754 2608 dissaEtiam

1654 2582 1754 2607 unae
