2164 3246
367 216 1026 257 PROGYMNASMATUM
1047 220 1356 261 SECUNDA
1377 224 1527 263 PARS
1709 228 1777 265 417

130 325 306 374 propria
321 325 562 368 ratiocinia,
579 323 828 369 mensurati,
845 329 1221 373 comparationem
1236 341 1335 367 cum
1347 330 1483 369 Terra
1497 332 1534 370 8(
1549 332 1661 376 Sole,
1675 333 1778 372 Stel-

130 378 361 425 latumque
386 377 596 415 Fixarum
621 378 860 421 ordinibus,
888 386 1017 426 prout
1042 381 1325 421 decrescendo
1351 384 1419 422 his
1444 386 1778 431 assimulabatur,

130 431 364 470 instituam:
387 430 600 478 fiquidem
619 431 704 469 hoc
725 434 927 470 omnium
949 440 1207 473 caeterarum
1227 439 1587 484 magnitudinem,
1609 440 1779 478 diuerso

131 490 279 524 tamen
294 483 383 522 suae
399 484 643 522 durationis
659 490 869 532 tempore,
887 487 1233 534 repraesentabat.

79 551 95 577 ⁵
182 536 391 576 Tranfibo
402 539 551 585 itaque
562 549 801 586 parumper
812 539 867 577 ad
880 551 944 584 ea,
960 552 1060 588 quae
1072 542 1359 591 Albategnius
1371 550 1501 592 atque
1513 545 1779 594 Alfraganus

131 603 184 631 ex
199 591 408 630 Veterum
423 590 646 636 sententia,
669 594 745 639 qui
761 592 850 639 post
866 593 1154 632 Ptolemaeum
1170 595 1357 641 fuerunt,
1380 600 1492 636 circa
1509 599 1779 646 reliquarum

130 645 381 684 Errantium
396 649 528 692 atque
544 644 840 683 Inerrantium
857 646 1090 685 Stellarum
1109 652 1384 696 quantitates,
1407 651 1559 689 Literis
1581 654 1777 700 prodide-

130 704 241 738 runt.
272 698 389 737 Licet
414 699 534 736 enim
558 698 601 736 id
627 698 682 736 ab
707 698 896 737 instituto
922 700 1076 745 nostro,
1102 702 1200 749 plus
1225 703 1332 741 iusto
1359 707 1536 752 euagari
1561 707 1776 745 videatur:

129 751 299 791 Tamen
319 751 358 790 &
377 750 474 790 haec
496 751 619 799 (quia
639 763 731 790 non
752 758 962 800 perpetuo
982 755 1094 793 intra
1114 758 1324 794 terminos
1340 758 1645 797 Asscititiorum
1668 760 1777 798 Caeli

64 817 95 844 ιο
130 805 464 844 Phaenomenon
484 806 531 843 in
553 804 638 843 hoc
659 805 805 853 Opere
827 806 1020 845 cohiberi
1041 809 1259 853 volumus,
1284 809 1353 848 sed
1374 810 1412 848 8(
1433 812 1614 859 reliquae
1636 813 1776 851 Astro-

130 861 306 903 nomiae,
323 860 494 906 quoties
510 858 638 897 datur
654 859 833 904 occasio,
850 861 1051 907 prodesse,
1069 864 1445 909 quemadmodum
1460 865 1514 903 ab
1529 868 1652 904 initio
1665 878 1690 904 a
1702 879 1777 904 no-

129 912 195 952 bis
209 911 486 951 constitutum
502 911 575 959 est)
591 912 895 957 intermiscere,
913 926 1004 952 non
1021 915 1229 960 alienum,
1247 928 1326 954 nec
1343 918 1496 956 inutile
1514 919 1677 957 censeo.

183 965 305 1013 Quin
325 964 364 1004 &
383 977 476 1004 non
494 965 645 1004 saltem
664 966 832 1004 nudam
850 973 1047 1005 veterum
1069 969 1121 1006 de
1142 971 1516 1017 magnitudinibus
1533 972 1777 1017 Stellarum,

129 1019 386 1058 sententiam
401 1018 605 1058 referam:
622 1019 693 1058 sed
705 1031 794 1067 qua
805 1022 852 1058 in
863 1027 984 1068 parte
1001 1020 1112 1060 redte
1129 1022 1169 1060 se
1186 1022 1356 1067 habeat,
1374 1025 1443 1062 vel
1459 1027 1617 1068 minus,
1635 1027 1779 1073 postea

64 1085 95 1111 1⁵
131 1072 377 1121 disquiram,
400 1084 578 1121 vnaque
600 1084 701 1111 cum
721 1073 873 1112 nostris
896 1074 1091 1113 Inuentis
1112 1076 1347 1115 conferam.
1373 1078 1503 1116 Nunc
1526 1081 1653 1126 igitur
1674 1081 1777 1127 quid

131 1128 370 1175 antiquitus
394 1126 448 1164 de
473 1125 542 1164 his
566 1126 782 1171 senserint,
808 1128 1169 1176 introspiciemus:
1197 1135 1326 1177 atque
1350 1142 1376 1168 a
1399 1131 1606 1180 Mercurij
1633 1133 1777 1176 Stella,

130 1184 259 1229 prout
278 1179 317 1218 8(
336 1179 400 1218 illi
419 1179 628 1225 fecerunt,
650 1180 935 1228 auspicantes,
956 1193 1032 1229 per
1053 1182 1244 1230 reliquos
1265 1183 1466 1222 Planetas
1488 1185 1617 1232 vsque
1639 1187 1693 1224 ad
1715 1198 1777 1224 re-

75 1236 95 1268 ·1·
131 1233 404 1272 motissimam
420 1233 652 1281 Sphaeram
668 1233 905 1273 Stellarum
922 1235 1129 1273 Fixarum
1146 1236 1440 1275 ascendemus.

183 1286 469 1326 MERCVRII
480 1286 662 1326 Stellam
673 1287 801 1326 refert
810 1288 1097 1336 Albategnius
1109 1291 1155 1327 in
1166 1290 1311 1328 media
1323 1290 1398 1328 sua
1410 1303 1435 1328 a
1447 1291 1591 1329 Terris
1604 1292 1776 1340 elonga-

43 1345 108 1379 468
129 1342 260 1386 tione,
281 1351 418 1388 quam
437 1342 561 1389 ponit
577 1343 699 1379 iuxta
714 1341 1003 1380 Ptolemajcas
1020 1343 1295 1390 Hypotheses
1312 1344 1353 1381 Ρ.
1372 1345 1442 1388 115,
1465 1356 1517 1382 ex
1534 1342 1777 1395 Vete—ssrum

130 1393 323 1443 diligenti
346 1393 623 1442 inspectione,
654 1394 817 1433 habere
845 1396 1108 1433 diametrum
1133 1396 1342 1434 visibilem
1367 1398 1553 1435 adinstar
1578 1399 1776 1437 decimae-

130 1449 295 1496 quintae
313 1449 448 1495 partis
468 1447 669 1486 diametri
689 1448 870 1487 Solaris:
893 1448 1100 1496 Hincque
1122 1449 1280 1497 colligit
1298 1450 1571 1488 Mercurium
1592 1453 1667 1489 esse
1689 1452 1776 1490 fere

73 1503 94 1535 ·1·
129 1500 426 1550 vndeuigefies
449 1501 608 1540 millies
633 1501 771 1540 Terra
794 1504 1025 1540 minorem.
1053 1502 1320 1551 Alfraganus
1346 1515 1447 1541 eum
1473 1504 1622 1542 saltem
1647 1506 1778 1543 22000

129 1553 277 1594 Terrae
292 1560 462 1603 partem
478 1554 655 1593 existere
672 1557 879 1603 opinatus
896 1555 962 1593 611.

60 1619 94 1646 25
182 1607 431 1647 VENERIS
447 1608 576 1648 Sidus
590 1610 636 1646 in
647 1608 724 1647 sua
734 1609 881 1647 media
892 1621 919 1647 a
930 1609 1075 1647 Terris
1086 1609 1283 1648 distantia
1296 1610 1454 1648 Semid.
1467 1611 1547 1653 618,
1565 1623 1776 1658 apparere

128 1661 396 1701 vtdecimam
404 1664 654 1710 portionem
663 1662 864 1700 diametri
872 1662 1035 1701 Solaris
1044 1663 1242 1710 prodidit.
1253 1663 1442 1711 Ideoque
1451 1664 1564 1702 hanc
1573 1665 1622 1702 36
1630 1665 1776 1703 Terrae

129 1720 298 1764 partem
316 1715 394 1754 sua
413 1717 656 1764 quantitate
677 1716 849 1754 referre.
867 1716 921 1754 Vt
937 1715 983 1754 fit
998 1718 1221 1763 proportio
1238 1717 1539 1754 dimetientum
1560 1719 1701 1764 qualis
1723 1718 1776 1756 611

73 1771 95 1804 ⁴¹·
130 1768 173 1808 10
187 1768 243 1808 ad
257 1768 295 1808 3.
311 1768 580 1818 Alfraganus
596 1768 728 1808 habet
743 1769 807 1813 28,
823 1769 960 1807 Terra
977 1770 1052 1807 esse
1069 1772 1298 1813 minorem,
1316 1770 1384 1808 sed
1402 1771 1511 1808 alias
1527 1771 1589 1809 37.

182 1821 458 1867 MARTEM,
475 1834 577 1861 cum
592 1823 739 1861 medio
755 1823 889 1861 modo
905 1834 932 1861 a
947 1822 1091 1860 Terris
1108 1823 1227 1861 distat
1243 1824 1377 1861 abesse
1394 1823 1537 1861 semid.
1556 1825 1658 1862 4584
1675 1824 1774 1862 fere.

61 1887 95 1914 ³0
131 1875 382 1924 Adaequare
405 1882 555 1915 autem
576 1882 680 1914 tunc
703 1876 951 1914 vicesimam
977 1882 1144 1924 partem
1168 1876 1330 1914 Solaris
1354 1877 1564 1920 diametri,
1591 1877 1628 1914 8(
1654 1878 1708 1915 ob
1734 1878 1775 1915 id

129 1930 343 1978 integram
357 1929 708 1978 magnitudinem
719 1929 867 1968 Terrae
882 1929 1012 1967 semel
1024 1930 1407 1977 comprehendere,
1425 1930 1684 1977 insuperque
1698 1938 1775 1968 ter-

130 1984 236 2022 tiam
251 1984 346 2022 eius
361 1995 474 2032 pene
490 1989 660 2031 partem
676 1983 815 2021 voluit
831 1983 1134 2030 Albategnius:
1154 1989 1197 2020 vt
1213 1983 1403 2021 habeant
1420 1983 1459 2021 se
1477 1984 1775 2025 Dimetientes.

74 2038 96 2070 ‘¹'
131 2035 234 2075 ficut
243 2036 268 2076 7
279 2036 336 2075 ad
346 2036 383 2075 6.
399 2036 668 2085 Alfraganus
682 2038 805 2085 ponit
817 2036 1009 2074 Martem
1025 2036 1300 2083 sesquialtera
1312 2039 1404 2074 vice
1417 2037 1551 2075 Terra
1564 2039 1776 2075 maiorem

76 2110 78 2112 v
131 2090 220 2128 vna
234 2101 336 2128 cum
351 2088 510 2129 octaua
525 2096 659 2138 parte.

62 2153 96 2181 35
184 2142 338 2182 IOVIS
353 2143 530 2182 Astrum
545 2146 591 2182 in
607 2143 753 2182 media
769 2142 967 2181 distantia
978 2149 1176 2180 remouet
1188 2143 1474 2190 Albategnius
1486 2143 1776 2185 semid.10423,

76 2199 96 2231 †
132 2195 358 2245 ipsumque
372 2202 475 2235 tunc
487 2197 797 2236 duodecimam
809 2196 921 2235 Solis
937 2203 1105 2244 partem
1122 2196 1430 2243 repraesentare
1447 2197 1592 2238 asserit.
1611 2196 1647 2233 &
1664 2197 1718 2234 ob
1735 2197 1777 2234 id

131 2248 362 2289 81Terram
371 2250 448 2289 sua
455 2251 757 2299 magnitudine
768 2249 988 2288 excedere.
1001 2249 1267 2297 Alsraganus
1280 2249 1409 2287 habet
1419 2250 1481 2291 95.
1495 2251 1612 2297 quod
1622 2250 1778 2287 melius

132 2303 332 2351 quadrat:
349 2303 405 2342 Vt
420 2303 466 2342 fit
482 2306 593 2343 ratio
610 2304 914 2342 dimetientum
932 2303 1049 2340 Iouis
1066 2302 1103 2340 8(
1120 2302 1280 2345 Terrae,
1298 2303 1440 2350 qualis
1458 2303 1511 2340 611
1528 2303 1578 2340 32
1594 2303 1649 2340 ad
1667 2304 1701 2340 7.

75 2358 96 2390 ¹¹·
185 2355 514 2396 SATVRNVM
530 2363 680 2396 autem
691 2359 737 2395 in
747 2356 1018 2404 longitudine
1031 2356 1176 2393 media
1188 2359 1309 2403 ponit
1322 2356 1456 2394 abesse
1470 2356 1590 2394 15800
1602 2358 1777 2397 circiter.

62 2419 97 2446 4ο
133 2408 172 2448 8(
186 2409 611 2449 decimamoctauam
623 2410 735 2449 Solis
751 2416 919 2458 partem
936 2421 1025 2457 prae
1042 2409 1082 2446 se
1100 2409 1222 2453 serre,
1241 2409 1486 2457 colligitque
1504 2410 1603 2447 inde
1617 2410 1666 2447 79
1678 2409 1777 2446 Ter-

132 2473 228 2501 ram
243 2464 464 2502 excedere.
481 2463 750 2512 Alfraganus
765 2463 895 2502 habet
908 2463 961 2501 91.
979 2463 1103 2500 Vnde
1116 2465 1339 2510 proportio
1352 2463 1664 2500 diametrorum
1678 2474 1777 2499 eua-

133 2515 263 2562 deret,
279 2517 423 2565 qualis
439 2517 495 2556 611
510 2517 534 2556 9
550 2517 606 2555 ad
622 2517 658 2555 2.

238 2576 272 2603 53
1633 2569 1776 2613 Atque
