2248 3298
119 392 140 424 9
594 361 933 430 CAPVT
965 364 1406 431 PRIMVM.

173 454 266 499 DE
281 454 564 499 SOLARIS
579 455 976 509 CURRICULI,
991 458 1089 502 AD
1108 458 1384 502 NOSTRA
1400 458 1685 511 SECULA,
1703 459 1826 503 PER

212 522 618 562 RECENTIORES
636 524 1128 565 OBSERUATIONES
1145 527 1336 573 VARIJS
1354 527 1391 565 8(
1408 527 1639 565 ΜΙΝΙΜΕ
1657 528 1785 566 FAL-

350 585 604 625 LACIBUS
622 586 1068 627 INSTRUMENTIS
1086 589 1355 628 CAELITUS
1372 589 1647 631 HABITAS.

122 657 135 682 5
588 648 922 688 ACCURATA
939 650 1409 690 DESIGNATIONE.

318 768 328 788 χ
382 783 393 824 *ζ
409 784 425 801 ·’
456 781 488 823 <3³
518 786 724 831 Theatro,
748 787 1006 826 inexhausta
1029 789 1130 827 DEI
1154 790 1346 827 condidit
1368 789 1604 837 Sapientia,
1629 790 1667 828 8(
1689 793 1826 828 maxi-

419 873 431 889 (
518 852 643 879 mum
659 840 697 879 &
713 841 1030 887 lucidissimum,
1048 842 1429 890 pulcritudineque
1443 843 1481 881 8(
1494 843 1714 881 maiestate
1731 844 1826 882 illu-

352 903 357 918 s
417 891 454 918 7
518 894 598 938 stri,
615 900 709 932 tum
726 896 859 933 etiam
872 895 1038 934 viribus
1054 896 1092 934 8(
1108 899 1274 944 potenti
1292 896 1487 935 efficacia
1504 903 1662 935 caetera
1678 900 1828 936 omnia

344 960 346 969 ¹
488 983 493 994 ,
518 947 647 995 longe
666 948 950 987 antecellens:
971 951 1135 997 quique
1156 961 1248 988 non
1263 950 1414 988 saltem
1430 956 1553 988 motu
1569 956 1659 988 tam
1676 963 1827 989 annuo

453 1012 456 1013 ⁷
485 996 495 1005 ⁴
519 1013 656 1049 quam
679 1002 851 1046 diurno,
879 1002 916 1040 8(
941 1002 1050 1041 lucis
1072 1003 1208 1041 infitae
1234 1003 1493 1052 praefulgida
1518 1004 1724 1047 claritate.
1751 1005 1826 1042 dis-

173 1056 359 1093 crimina
377 1060 640 1102 temporum,
659 1056 909 1100 Annorum,
929 1056 1116 1095 Dierum
1139 1056 1178 1095 8(
1200 1056 1422 1101 Noctium,
1440 1058 1826 1105 vicissitudinesque

173 1107 346 1146 AEstatis
357 1107 396 1146 8(
408 1108 738 1157 Hyemis,Veris
754 1115 885 1157 atque
898 1111 1116 1148 Autumni
1128 1111 1338 1149 constanti
1354 1111 1446 1159 lege
1459 1110 1600 1155 efficit,
1613 1111 1683 1149 sed
1696 1114 1827 1150 etiam

172 1161 351 1200 viuifico
375 1161 452 1200 suo
478 1162 636 1206 calore,
663 1162 701 1200 8(
726 1163 885 1201 coelesti
909 1166 1079 1208 virtute,
1106 1170 1243 1203 totam
1268 1177 1415 1203 rerum
1439 1165 1670 1207 Naturam,
1697 1172 1828 1213 atque

105 1223 136 1249 1⁵
173 1217 326 1254 omnia
346 1227 447 1263 quae
468 1218 514 1254 in
534 1215 731 1254 inferiori
751 1216 927 1255 Mundo
948 1224 1225 1265 generantur,
1246 1224 1341 1256 tum
1357 1220 1618 1257 Animantia
1639 1219 1677 1257 8(
1693 1218 1828 1267 Vege-

172 1268 335 1313 tabilia‚
356 1274 450 1307 tum
466 1271 599 1308 etiam
615 1269 855 1309 Mineralia
871 1277 1002 1318 atque
1020 1271 1217 1315 Metalla,
1234 1278 1415 1320 vegetat,
1432 1271 1564 1316 fouet,
1582 1272 1620 1310 8(
1636 1273 1692 1310 ad
1709 1272 1827 1310 desti-

172 1328 325 1361 natam
339 1325 637 1361 maturitatem
653 1323 861 1371 perducit,
879 1325 991 1362 adeo
1007 1331 1051 1362 vt
1064 1327 1130 1363 vis
1147 1327 1240 1363 eius
1257 1328 1302 1363 in
1319 1325 1408 1373 ipsa
1424 1327 1580 1364 intima
1590 1325 1738 1364 Terrae
1750 1326 1827 1364 vis—

173 1387 273 1414 cera
287 1382 500 1424 penetret;
517 1377 573 1415 ad
589 1379 714 1415 cuius
731 1379 864 1416 etiam
880 1384 1051 1421 nutum,
1069 1390 1223 1417 omnes
1238 1379 1395 1426 reliqui
1407 1379 1612 1423 Planetae,
1629 1379 1827 1427 totusque

173 1428 351 1468 Chorus
363 1430 539 1468 caelestis
551 1430 724 1469 cursum
735 1430 861 1469 suum
873 1431 1075 1480 dirigunt,
1091 1444 1193 1470 eum
1205 1439 1420 1480 tanquam
1432 1433 1592 1481 Regem
1605 1432 1643 1470 &
1655 1433 1828 1471 Ducem

102 1490 136 1516 2⁰
173 1483 385 1532 inclytum
410 1486 629 1522 concinna
652 1496 975 1533 nunquamque
1001 1487 1232 1524 intermissa
1255 1486 1532 1524 obseruantia
1553 1493 1826 1525 venerantes.

173 1537 260 1575 Hic
282 1537 499 1585 (inquam)
517 1537 639 1582 SOL,
664 1550 765 1576 cum
785 1544 908 1577 tanta
928 1551 1019 1586 prae
1041 1542 1208 1577 caeteris
1229 1540 1436 1578 omnibus
1452 1539 1649 1578 AEtherei
1666 1540 1828 1578 Mundi

172 1590 443 1629 admirandis
454 1591 709 1636 luminibus,
722 1595 1017 1640 praerogatiua
1030 1592 1068 1631 8(
1080 1593 1339 1631 excellentia
1350 1593 1524 1642 polleat,
1537 1593 1827 1641 reliquorum-

173 1655 259 1692 que
274 1643 450 1692 insuper
465 1644 624 1689 cursus,
646 1651 938 1693 motuumque
959 1646 1074 1694 leges
1091 1646 1288 1694 disponat
1305 1659 1354 1685 ac
1371 1647 1634 1689 moderetur,
1656 1647 1768 1685 adeo
1785 1654 1828 1685 vt

172 1697 260 1736 fine
273 1703 389 1736 certa
400 1697 640 1746 exactaque
652 1698 782 1747 ipsius
795 1700 998 1738 curriculi
1011 1702 1272 1748 cognitione,
1289 1712 1381 1739 non
1396 1700 1537 1739 solum
1551 1701 1741 1739 aliorum
1757 1700 1828 1739 sex

102 1758 136 1784 2⁵
173 1751 467 1797 Planetarum,
490 1752 561 1791 sed
582 1754 715 1791 etiam
735 1752 987 1791 Asfixarum
1009 1753 1244 1792 Stellarum
1264 1754 1364 1792 [itus
1387 1754 1424 1792 &
1444 1756 1663 1793 motiones
1686 1754 1827 1802 praefi-

173 1806 280 1850 nire,
304 1804 458 1844 frustra
483 1808 581 1853 quis
605 1809 854 1850 tentauerit;
881 1807 1045 1845 Idcirco
1071 1808 1125 1846 ab
1149 1808 1282 1846 huius
1305 1810 1516 1856 praecipui
1540 1814 1580 1846 et
1603 1808 1826 1851 clarissimi.

102 1863 141 1896 10
172 1860 456 1907 maximeque
472 1859 528 1898 ad
544 1871 637 1898 rem
653 1859 1006 1898 Astronomicam
1027 1861 1411 1909 redintegrandam
1431 1862 1646 1910 necessarij
1666 1858 1826 1911 Iu-ssba-

169 1913 240 1957 ris,
261 1913 308 1950 in
328 1912 524 1951 debitum
541 1912 579 1951 8(
596 1919 910 1961 congruentem
931 1926 1032 1952 cum
1053 1926 1118 1959 eo,
1141 1917 1216 1962 qui
1237 1915 1409 1953 coelitus
1430 1920 1611 1963 apparet
1629 1921 1827 1953 tenorem

169 1965 446 2011 restitutione,
463 1969 620 2005 merito
636 1967 763 2005 nobis
781 1967 1044 2006 ordiendum
1061 1968 1226 2006 censeo.
1245 1968 1366 2015 Quin
1379 1968 1416 2006 8(
1429 1971 1523 2006 eius
1535 1968 1664 2007 causa
1676 1968 1828 2006 oculos

99 2025 134 2052 3⁰
171 2019 455 2065 Hominibus,
467 2026 512 2058 vt
527 2019 647 2059 hunc
663 2022 918 2059 intueantur
931 2021 969 2059 8(
981 2022 1344 2069 contemplentur,
1362 2022 1522 2060 inditos
1540 2023 1628 2065 esse,
1647 2022 1827 2069 quidam

170 2074 411 2120 antiquitus
428 2073 850 2122 Philosophantium‚
868 2086 960 2113 non
976 2075 1053 2113 abs
1069 2087 1114 2113 re
1132 2076 1274 2113 dixisse
1291 2076 1506 2114 videntur.

224 2126 308 2164 Etfi
317 2137 423 2165 vero
439 2127 536 2166 haec
553 2128 605 2166 de
619 2127 783 2166 Solaris
799 2128 947 2166 cursus
965 2127 1117 2167 exacta
1128 2129 1184 2167 ad
1196 2129 1390 2167 nostrum
1403 2141 1554 2167 aeuum
1566 2129 1827 2177 redintegra-

169 2181 302 2225 tione,
324 2191 460 2228 quam
481 2180 710 2220 adducturi
731 2181 880 2219 sumus
900 2181 1109 2226 tractatio,
1132 2182 1391 2230 quibusdam
1413 2183 1466 2221 ab
1488 2182 1676 2220 instituto
1695 2182 1828 2220 huius

172 2232 342 2281 Operis,
355 2245 444 2281 quo
456 2234 509 2272 de
521 2234 710 2283 ascititijs
723 2234 761 2272 &
772 2237 903 2273 nouis
916 2235 1032 2274 Coeli
1045 2235 1356 2274 Phaenomenis
1369 2248 1495 2284 agere
1508 2236 1827 2284 proposuimus,

100 2293 134 2320 ³⁵
171 2286 319 2326 aliena
339 2287 518 2326 fortassis
540 2288 678 2326 videri
701 2291 874 2336 poterit:
900 2295 1062 2331 tamen,
1087 2292 1193 2337 quia
1215 2289 1302 2328 fine
1327 2289 1537 2337 exquifita
1553 2296 1699 2327 motus
1717 2289 1828 2328 Solis

171 2342 337 2386 notitia,
361 2341 452 2389 ipsa
475 2343 607 2380 etiam
630 2344 851 2380 neoterica
876 2343 945 2389 (de
967 2343 1126 2390 quibus
1148 2344 1346 2391 agemus)
1371 2343 1535 2385 Sidera,
1559 2345 1605 2381 in
1629 2343 1828 2381 ordinem

171 2393 306 2442 redigi
321 2401 565 2442 nequeunt;
583 2407 685 2433 cum
701 2396 820 2443 quod
833 2395 1069 2434 affixarum
1082 2396 1329 2441 Stellarum,
1343 2409 1369 2435 a
1381 2397 1539 2445 quibus
1552 2396 1713 2434 horum
1725 2408 1827 2444 pen-

171 2447 242 2486 det
257 2447 494 2493 denotatio,
511 2448 610 2487 loca
625 2448 786 2497 absque
799 2449 898 2488 Sole
917 2450 992 2497 (vti
1005 2449 1167 2488 dictum
1180 2450 1251 2497 est)
1270 2450 1523 2489 restitutioni
1536 2462 1626 2488 non
1638 2457 1827 2497 pateant.

171 2506 266 2539 tum
281 2503 387 2549 quia
402 2502 542 2540 multa
554 2502 654 2546 alia,
672 2502 710 2540 8(
726 2504 772 2540 in
783 2505 992 2551 temporis
1005 2504 1183 2551 praecisa
1195 2505 1487 2552 assignatione,
1505 2510 1544 2541 et
1561 2505 1828 2551 apparentijs

102 2560 136 2586 40
171 2553 349 2593 'istorum
370 2555 706 2594 Phaenomenon
727 2556 954 2604 diligenter
972 2556 1303 2604 perscrutandis.
1329 2564 1571 2598 occurrant,
1595 2568 1694 2604 quae
1717 2556 1828 2594 Solis

1659 2616 1826 2647 motum
