2248 3298
96 420 134 453 61·

117 583 133 608 5

102 849 134 875 10

103 1117 134 1142 15

101 1653 135 1679 25

101 2187 135 2214 35

102 2455 136 2481 40

467 251 1128 291 PROGYMNASMATUM
1149 251 1354 289 PRIMA
1375 250 1527 289 PARS
1804 252 1827 289 9

173 371 272 398 care
288 359 341 397 de
358 361 410 407 ijs
426 359 606 397 Artibus
623 370 673 397 ac
689 358 875 406 scientijs
891 358 1053 406 possint,
1074 358 1336 396 testimonio:
1358 364 1398 395 te
1418 357 1473 395 ad
1489 357 1626 395 studia
1642 357 1718 395 illa
1733 369 1827 404 per-

171 412 279 452 fecie
295 409 310 463 ΙΙ
327 412 365 450 &
381 419 583 451 accurate
600 412 855 456 excolenda,
876 418 938 450 tot
954 418 1164 459 tantaque
1180 411 1380 458 praefidia
1396 410 1578 454 adferre,
1599 417 1642 448 vt
1661 413 1737 457 qui
1753 411 1828 449 tibi

171 478 299 515 pares
315 465 406 510 fint,
423 466 506 504 hac
523 472 650 504 aetate
666 468 740 503 vix
756 467 1042 513 reperiantur.
1061 464 1179 503 Cum
1195 466 1314 502 enim
1330 475 1487 512 genere
1505 464 1556 501 fis
1573 464 1758 508 Nobilis,
1776 466 1828 512 ijs

171 520 328 568 opibus
345 531 395 557 ac
411 519 702 563 facultatibus,
725 530 825 566 quae
847 519 902 557 ad
923 518 1136 566 praeclara
1157 520 1346 566 ingenia,
1368 529 1559 565 quorum
1577 529 1711 565 opera
1728 529 1828 555 curn

170 574 248 612 tua
263 572 509 621 conjuntsta,
527 575 756 611 certiorem
772 572 1115 619 facilioremque,
1133 572 1490 618 opportunissimo
1508 571 1650 609 adhoc
1663 570 1827 609 delec’to

170 626 281 669 loco,
295 626 658 665 observationem
669 626 832 669 reddat,
845 625 1022 668 alenda;
1038 636 1139 672 quae
1151 625 1341 672 denique
1355 625 1410 662 ad
1423 624 1722 668 Instrumenta,
1736 627 1827 672 qui-

169 680 252 719 bus
263 679 302 718 &
313 680 616 728 magnitudine
629 679 666 717 &
680 678 865 718 artificio
881 678 1087 726 singulari
1102 677 1236 721 fadus,
1253 680 1313 715 vti
1330 678 1497 721 diceris,
1515 678 1827 725 comparanda,

170 733 398 778 sufficiant,
421 739 462 771 te
484 733 719 781 praeditum
742 739 873 780 atque
897 730 1149 770 instructum
1170 731 1259 775 esse,
1283 731 1500 778 nullisque
1521 731 1761 779 sumptibus
1783 733 1828 768 in

169 789 294 836 typis,
315 789 362 825 in
381 787 540 835 praelis‚
561 788 608 824 in
628 786 726 834 alijs
747 785 1038 828 adminiculis,
1061 791 1108 822 ut
1128 784 1249 822 domi
1270 786 1434 828 omnia,
1457 796 1557 832 quae
1579 785 1635 822 ad
1651 784 1828 822 illarum

171 842 333 879 artium
352 846 644 878 monumenta
664 839 902 877 Posteritati
923 838 1218 876 consecranda
1238 840 1530 885 requirantur,
1554 840 1600 875 in
1622 844 1828 885 promptu

170 893 349 938 habeas,
374 905 570 941 parcere:
596 893 798 940 adeoque
820 898 994 940 tempus
1018 903 1163 936 omne,
1188 898 1318 939 teque
1341 891 1482 939 ipsum
1504 897 1656 935 totum,
1681 903 1828 929 rerum

170 947 349 986 illarum
368 947 626 995 superarum
646 952 777 994 atque
799 945 1039 984 coelestium
1060 945 1421 992 contemplationi
1442 945 1713 992 impendere:
1735 951 1827 983 tan-

169 1007 352 1049 tumque
368 1003 415 1039 in
430 1002 483 1049 ijs
494 1000 712 1038 versatum
724 1000 813 1044 esse,
830 1006 875 1037 vt
888 1005 1046 1047 praeter
1057 997 1257 1037 exaaam
1269 998 1559 1037 Cometarum
1571 996 1827 1042 doctrinam,

170 1054 226 1094 ab
241 1056 494 1093 inveteratis
504 1054 788 1092 vetustiorum
804 1052 1025 1092 erroribus
1040 1052 1173 1090 solide
1185 1052 1466 1096 vindicatam,
1484 1054 1608 1100 cujus
1620 1053 1715 1100 jam
1727 1058 1827 1089 ante

170 1107 388 1157 specimen
407 1108 485 1146 abs
499 1114 540 1146 te
556 1107 719 1155 insigne
737 1107 792 1145 est
808 1106 990 1150 editum:
1012 1117 1143 1144 novae
1164 1117 1342 1153 quoque
1364 1105 1602 1144 coelestium
1623 1112 1827 1143 motuum

171 1161 462 1211 Hypotheses,
483 1172 584 1209 quae
606 1162 810 1199 omnium
830 1166 1011 1198 aetatum
1028 1159 1416 1198 Observationibus
1433 1158 1581 1197 exac’te
1598 1158 1826 1206 responde-

171 1221 247 1254 ant
266 1215 402 1263 (quod
418 1226 562 1262 neque
578 1215 798 1262 prioribus
813 1214 898 1252 illis
914 1213 1156 1257 Ptolomaei,
1177 1224 1322 1260 neque
1338 1212 1646 1260 posterioribus
1664 1212 1827 1260 Coper-

170 1270 258 1307 nici
274 1268 602 1317 Hypothefibus
623 1267 860 1316 praestitum
879 1267 1008 1311 fuisse‚
1029 1272 1188 1314 praeter
1208 1267 1318 1304 alios
1339 1273 1386 1304 tu
1404 1266 1490 1313 ipse
1507 1266 1828 1304 accuratissimis

170 1324 257 1361 tuis
269 1322 657 1361 Observationibus
673 1321 819 1368 doces)
837 1321 966 1359 abste
979 1319 1275 1368 expectentur:
1294 1320 1483 1358 Minime
1498 1321 1827 1367 praetermittere

170 1376 407 1420 voluimus,
425 1377 533 1424 quin
545 1375 812 1423 Reipublicae
829 1375 981 1418 caussa,
999 1374 1054 1412 ad
1071 1385 1207 1421 quam
1222 1373 1318 1412 haec
1336 1374 1412 1412 abs
1429 1380 1468 1411 te
1486 1379 1748 1411 ornamenta
1761 1384 1827 1411 ac-

171 1429 343 1474 cedunt,
361 1428 565 1468 Caesareo
582 1428 725 1467 nostro
738 1428 891 1476 Elogio
902 1434 943 1466 te
957 1427 1269 1475 susciperemus
1286 1427 1602 1465 decorandum:
1621 1426 1670 1469 δι,
1689 1438 1827 1473 quan-

171 1494 308 1532 quam
323 1494 400 1532 per
415 1489 455 1522 te
471 1482 571 1521 satis
587 1484 810 1521 animatus
827 1493 885 1526 es,
903 1481 1196 1520 animandum
1209 1483 1360 1529 magis,
1373 1486 1417 1518 vt
1428 1480 1658 1518 felicissime
1672 1487 1827 1527 coepta,

171 1539 343 1576 naviter
363 1536 652 1584 alacriterque
672 1535 886 1584 perficias
909 1535 1137 1582 Quoniam
1155 1546 1272 1577 vero,
1295 1546 1396 1582 quae
1418 1534 1648 1572 elucubras
1667 1533 1827 1581 Opera,

171 1596 216 1629 vt
235 1592 482 1629 accuratius
503 1591 619 1629 edita
639 1592 685 1628 in
704 1590 850 1628 lucem
870 1589 1097 1637 prodeant,
1122 1588 1242 1626 domi
1262 1595 1302 1626 te
1323 1594 1423 1631 tuae,
1445 1587 1657 1635 peculiari
1677 1587 1827 1635 praelo,

172 1644 387 1683 excudere
402 1643 581 1683 statuisse
598 1645 861 1692 accepimus,
883 1642 1137 1690 Diplomate
1158 1641 1242 1680 hoc
1261 1641 1417 1685 nostro,
1439 1641 1757 1688 Privilegioque
1774 1647 1827 1684 te,

171 1697 377 1737 adversus
400 1708 769 1745 quorumcunque
792 1695 1192 1745 Typographorum
1214 1695 1428 1739 fraudem,
1455 1697 1529 1742 qui
1555 1695 1663 1732 lucri
1690 1694 1829 1732 caussa

173 1751 310 1800 (quod
329 1750 425 1789 fieri
444 1750 565 1798 solet)
587 1751 745 1789 eadem
765 1750 980 1788 excudere
1001 1755 1078 1787 aut
1097 1751 1258 1787 imitari
1274 1748 1383 1786 forte
1399 1748 1546 1790 velint,
1569 1747 1731 1795 duplici
1751 1759 1828 1785 no—

172 1807 292 1843 mine
307 1806 530 1843 munitum
546 1806 765 1852 cupimus:
783 1804 899 1842 Tum
915 1810 958 1841 vt
975 1802 1247 1850 exemplaria
1258 1814 1284 1840 a
1296 1802 1480 1845 mendis,
1498 1813 1608 1849 quas
1622 1802 1740 1839 Artis
1757 1812 1827 1839 ex-

124 1873 140 1886 v
172 1864 314 1907 pertes
335 1858 374 1897 &
393 1860 583 1906 imperiti
602 1858 729 1897 facile
746 1854 760 1908 Η
778 1859 1066 1900 committunt,
1087 1858 1341 1904 purgatiora
1361 1855 1586 1903 prodeant,
1608 1861 1702 1892 tum
1722 1866 1828 1892 vero

173 1913 318 1957 etiam,
338 1918 382 1951 vt
397 1912 675 1950 indemnitati
691 1911 941 1950 consulatur
957 1916 1058 1953 tuae,
1081 1912 1156 1957 qui
1172 1921 1355 1957 magnas
1372 1911 1418 1947 in
1436 1920 1536 1947 eam
1552 1919 1645 1946 rem
1662 1910 1828 1955 impen-

171 1965 238 2004 sas
257 1965 376 2004 facis.
398 1965 692 2004 Decernimus
713 1967 860 2012 itaque
883 1963 921 2002 &
941 1975 1020 2012 pro
1038 1963 1242 2002 Caesarea
1262 1963 1406 2000 nostra
1421 1964 1668 2000 Autoritate
1688 1961 1829 1999 statui-

171 2030 283 2064 mus,
299 2019 597 2067 vetamusque,
619 2030 674 2057 ne
692 2020 790 2066 quis
805 2017 1217 2066 Typographorum‚
1242 2016 1604 2064 Bibliopolarum‚
1627 2022 1702 2053 aut
1723 2015 1828 2053 alio-

171 2084 284 2117 rum,
309 2075 386 2121 qui
410 2072 636 2111 librariam
661 2073 1005 2120 negotiationem
1031 2076 1245 2113 exercent,
1277 2082 1353 2108 eos
1379 2070 1543 2110 Libros.
1575 2080 1686 2116 quos
1712 2076 1759 2106 tu
1785 2071 1830 2106 in

172 2125 500 2165 Mathematicis
512 2132 588 2164 aut
599 2124 914 2173 Philosophicis
931 2124 1008 2162 abs
1020 2130 1060 2162 te
1073 2123 1348 2171 conscriptos,
1365 2123 1449 2161 five
1464 2125 1560 2165 tuis,
1578 2122 1662 2160 five
1675 2122 1830 2160 alienis

171 2181 296 2229 typis,
327 2180 522 2218 editurus
553 2191 610 2223 es,
641 2190 909 2227 quocunque
935 2178 1081 2221 modo,
1111 2177 1255 2215 forma
1280 2184 1356 2215 aut
1381 2175 1629 2215 charactere
1656 2178 1829 2217 imitari,

172 2234 313 2278 edere,
335 2234 562 2277 excudere,
585 2239 660 2271 aut
680 2232 951 2275 venundare,
974 2233 1087 2269 intra
1107 2231 1228 2269 Sacri
1246 2231 1434 2269 Romani
1451 2230 1639 2277 Imperij,
1664 2229 1830 2277 Regno-

172 2298 360 2335 rumque
372 2298 423 2325 ac
435 2286 752 2325 Dominiorum
764 2285 1010 2324 nostrorum
1021 2284 1405 2323 haereditariorum
1417 2283 1539 2325 fines,
1555 2285 1728 2331 triginta
1740 2284 1830 2320 An-

172 2342 240 2378 nis
255 2342 468 2388 proximis
479 2352 506 2379 a
517 2342 660 2388 primo
673 2340 876 2378 editionis
889 2339 958 2377 die
975 2338 1294 2386 computandis,
1312 2338 1472 2385 absque
1488 2344 1576 2379 tuo,
1595 2344 1830 2374 tuorumue

172 2393 404 2432 haeredum
420 2393 641 2436 consensu,
658 2393 831 2432 audeat.
849 2392 894 2431 Si
911 2394 1008 2440 quis
1025 2399 1174 2430 autem
1187 2390 1386 2430 Edidium
1399 2391 1482 2429 hoc
1495 2390 1688 2428 nostrum
1700 2389 1830 2427 trans-

173 2447 304 2496 gredi,
316 2447 496 2491 violare,
509 2454 585 2486 aut
597 2453 878 2485 contemnere
891 2445 1186 2494 deprehensus
1198 2445 1339 2489 fuerit,
1353 2457 1456 2482 eum
1468 2456 1559 2482 non
1571 2443 1711 2481 solum
1724 2445 1760 2490 ej
1768 2442 1830 2480 us-

172 2501 293 2539 modi
313 2500 445 2545 libris,
466 2501 543 2539 tibi
563 2499 868 2539 haeredibusue
884 2502 982 2543 tuis,
1004 2499 1171 2537 auxilio
1189 2498 1479 2546 Magistratus.
1501 2497 1750 2543 Vbicunque
1768 2507 1830 2533 re-

172 2556 282 2602 perti
305 2553 478 2599 fuerint‚
504 2554 790 2593 vendicandis
815 2555 990 2601 privari,
1019 2552 1090 2591 sed
1115 2554 1266 2600 viginti
1293 2554 1424 2590 etiam
1451 2551 1709 2589 Marcarum
1735 2551 1830 2609 auri

279 2616 294 2641 2
1731 2614 1829 2649 puri
