2243 3225
439 203 506 241 156
812 195 1266 236 ASTRONOMIAE
1288 190 1710 232 INSTAURATAE

439 307 568 346 Coelo
584 306 674 349 fuit,
695 310 825 350 atque
842 303 944 340 hinc
961 299 975 352 ΙΙ
992 304 1124 340 etiam
1140 301 1249 339 alias
1265 299 1420 338 Stellas
1437 308 1592 335 omnes
1608 299 1654 335 in
1670 296 1813 341 deuia,
1834 296 1932 344 plus
1949 309 2083 345 quam
2110 305 2168 338 147

438 361 517 398 fert
540 359 608 396 vel
631 355 1050 395 ALPHONSINVS
1073 354 1143 392 vel
1166 350 1586 392 COPERNIANVS
1611 349 1822 388 Calculus
1846 353 2083 396 retraxerit,

438 414 642 460 quamuis
651 410 853 447 vndecim
865 409 974 446 alias
986 410 1031 445 in
1043 408 1160 445 idem
1171 406 1412 444 recidentes
1424 403 1802 447 considerationes,
1815 414 1926 450 quas
1937 409 2085 442 tamen

438 466 523 503 illic
545 476 635 501 non
656 467 985 505 commemorat,
1006 459 1176 499 iactitet.
1198 459 1282 498 Sed
1303 458 1399 496 haee
1420 459 1446 495 a
1466 456 1595 504 scopo
1615 458 1754 494 nimia
1775 455 1963 494 deflexio
1978 462 2084 495 trac-

438 518 645 563 tandique
667 527 759 553 rem
779 517 1022 562 incongrua
1042 515 1165 557 ratio,
1182 513 1288 550 Viro
1309 512 1384 556 illi,
1406 511 1503 549 licet
1523 512 1721 557 apprime
1742 509 1966 557 ingenioso
1984 509 2023 548 8(
2039 512 2085 548 in
2120 523 2136 549 ⁵

437 571 534 618 alijs
551 569 809 617 quibusdam
825 566 1090 614 Philosopho
1110 566 1209 604 satis
1229 565 1474 613 perspicaci,
1497 575 1598 601 cum
1617 569 1767 601 tamen
1784 574 1943 610 parum
1958 562 2086 602 fuerit

437 623 736 665 Astronomus‚
749 622 846 659 licet
858 621 896 659 8(
907 621 1041 658 huius
1051 620 1170 657 Artis
1182 619 1430 662 Scientiam,
1443 628 1535 655 non
1546 618 1697 664 paucis
1708 618 1754 654 in
1765 616 1872 654 locis
1883 616 2085 662 venditet,

438 675 732 714 condonanda
747 676 877 712 venit.

491 730 768 767 Recentiores
780 727 851 765 etsi
862 727 950 765 alia
962 726 1156 774 quadam
1168 726 1501 764 ratiocinatione
1518 723 1630 766 haec;
1647 722 1885 770 praesertim
1900 733 2086 771 magnus

437 783 509 820 ille
527 780 896 820 COPERNICVS
911 779 1187 823 Toronenfis,
1210 778 1248 816 &
1270 778 1582 816 Eruditissimus
1603 775 1920 814 IOHANNES
1935 775 2085 814 WER-
2125 788 2155 814 10

438 835 627 873 NERVS
651 833 991 882 Noribergenfis,
1015 845 1091 880 per
1114 832 1349 871 Stellarum
1372 830 1666 878 quarundam,
1689 829 1927 877 praesertim
1947 828 2086 877 spicae

438 889 626 936 Virginis
639 888 981 929 Declinationes,
999 886 1194 924 adhibita
1207 885 1467 927 Latitudine,
1484 882 1771 931 peruestigare
1784 882 2086 930 comprobare-

438 953 522 989 que
535 943 680 979 conati
691 940 785 978 fint:
803 946 952 978 tamen
963 940 1070 977 dum
1082 939 1352 977 Latitudines
1365 937 1611 980 Stellarum,
1628 948 1720 974 non
1731 938 1851 983 prius
1862 935 1960 974 satis
1972 941 2087 974 certo

440 995 699 1042 exploratas,
716 994 786 1031 sed
800 993 950 1031 saltem
962 1005 984 1030 e
997 992 1225 1030 Veteribus
1238 990 1499 1030 Canonibus
1510 990 1731 1027 deriuatas
1742 989 1992 1034 adhibeant,
2008 1000 2087 1027 nec

440 1048 745 1086 Eleuationem
761 1047 823 1084 sui
840 1046 924 1084 loci
940 1046 1154 1089 Polarem,
1172 1050 1317 1092 vtpote
1334 1056 1360 1082 a
1376 1043 1477 1082 Sole
1493 1045 1615 1081 irrito
1632 1045 1879 1086 conamine,
1895 1048 1939 1081 vt
1954 1044 2087 1090 priori
2126 1054 2156 1080 15

440 1101 594 1148 Capite
610 1102 760 1148 patuit,
778 1098 1020 1143 deductam,
1038 1101 1116 1136 rite
1129 1100 1350 1146 cognitam
1362 1097 1640 1140 obtinuerint,
1658 1095 1696 1133 8(
1712 1096 1782 1134 hic
1794 1101 1990 1144 optatam
1999 1107 2087 1134 me-

438 1161 528 1192 tam
544 1166 635 1192 non
651 1153 749 1191 satis
765 1158 891 1191 acute
909 1153 1205 1195 collimarunt;
1223 1151 1320 1199 alijs
1335 1162 1512 1198 quoque
1524 1161 1613 1188 vna
1624 1148 1969 1188 coincidentibus
1980 1148 2087 1188 diffi-

439 1207 682 1250 cultatibus,
699 1212 743 1244 vt
758 1206 903 1254 postea
920 1207 1280 1244 conuenientiore
1296 1205 1394 1243 loco
1411 1203 1649 1242 discutiam,

494 1260 558 1298 Est
582 1260 620 1298 &
643 1260 756 1298 alius
782 1260 963 1307 quidam
987 1259 1146 1297 modus
1172 1258 1407 1297 Stellarum
1430 1256 1599 1295 Ascens.
1624 1255 1800 1295 Rectam
1824 1255 1862 1294 8(
1885 1255 2088 1294 Declina-

439 1316 616 1357 tionem,
634 1320 764 1360 atque
781 1324 858 1360 per
871 1312 1141 1360 consequens
1153 1323 1308 1350 earum
1318 1310 1534 1349 beneficio
1545 1310 1890 1358 Triangulorum
1901 1308 2088 1357 Sphaeri-
2124 1320 2157 1346 το

440 1379 592 1405 corum
608 1367 927 1414 longitudinem
943 1372 1074 1413 atque
1091 1365 1367 1404 latitudinem
1383 1364 1691 1412 perscrutandi,
1707 1362 1826 1411 isque
1838 1374 1929 1401 non
1940 1362 2089 1401 admo-

440 1421 545 1458 dum
570 1419 769 1463 difficilis,
796 1420 1040 1457 Neotericis
1066 1430 1243 1466 quoque
1268 1418 1506 1466 praesertim
1529 1416 1722 1455 Illustriss.
1746 1416 1935 1464 Principi
1956 1415 2089 1454 WIL-

440 1473 658 1512 HELMO
675 1473 907 1512 HASSIAE
924 1471 1360 1511 LANDTGRAVIO
1377 1473 1422 1509 in
1438 1471 1515 1509 vsu
1530 1471 1718 1514 habitus,
1736 1481 1871 1517 quam
1888 1481 1967 1518 ego
1983 1480 2089 1517 quo-

440 1539 525 1574 que
537 1527 770 1574 aliquoties
782 1529 969 1571 exercui,
981 1525 1196 1564 beneficio
1208 1525 1407 1564 videlicet
1416 1524 1657 1572 Temporis,
1671 1535 1760 1571 quo
1772 1523 1917 1562 Steuae
1929 1522 2089 1570 aliquae
2125 1528 2144 1559 τ

440 1581 742 1618 Meridianum
764 1580 1000 1623 transeunt,
1024 1585 1099 1618 aut
1121 1582 1167 1617 in
1190 1584 1306 1617 certo
1329 1578 1426 1616 sunt
1446 1577 1701 1621 Azimutho,
1725 1577 1827 1615 data
1849 1575 2090 1615 earundem
2125 1586 2157 1612 2⁵

440 1634 564 1671 simul
580 1634 837 1677 Altitudine,
860 1630 874 1684 ΙΙ
896 1635 1068 1682 cognito
1089 1639 1239 1671 tamen
1259 1634 1380 1680 prius
1400 1632 1498 1670 loco
1514 1631 1640 1670 Solis.
1662 1631 1782 1669 Hinc
1803 1632 1922 1668 enim
1938 1640 2090 1668 earum
2116 1633 2173 1666 148

439 1687 723 1725 Ascenfiones
749 1686 913 1730 Recstas,
944 1692 1075 1734 atque
1101 1686 1433 1724 Declinationes
1459 1685 1497 1723 &
1522 1684 1706 1733 proinde
1733 1695 1910 1732 quoque
1935 1683 2088 1731 Longi-

440 1741 637 1779 tudinem
653 1746 784 1788 atque
802 1741 1099 1779 Latitudinem
1116 1751 1394 1787 componere,
1411 1751 1503 1777 non
1520 1738 1575 1776 est
1590 1749 1736 1786 graue.
1754 1738 1838 1776 Sed
1855 1739 1901 1775 in
1916 1737 2000 1775 hoc
2015 1747 2089 1784 po-

440 1795 638 1832 tissimum
657 1794 836 1832 consistit
848 1794 980 1832 huius
993 1793 1376 1832 administrationis
1388 1791 1633 1834 difficultas,
1651 1791 1769 1839 quod
1781 1792 1989 1839 temporis
2000 1801 2090 1828 mo·

439 1854 650 1891 mentum,
668 1848 798 1895 quale
815 1848 885 1886 vel
901 1850 946 1885 in
963 1847 1060 1895 ipsis
1076 1847 1286 1894 scrupulis
1303 1846 1501 1884 secundis
1517 1845 1588 1883 hic
1605 1847 1852 1892 requiritur,
1873 1855 1965 1882 non
1980 1843 2090 1882 adeo
2125 1852 2158 1879 ³⁰

440 1901 658 1943 subtiliter,
676 1907 806 1948 atque
824 1913 935 1948 opus
953 1901 1020 1944 est,
1037 1901 1223 1939 obtineri
1240 1900 1374 1948 possit;
1391 1899 1509 1937 Licet
1525 1898 1638 1937 Solis
1655 1909 1834 1946 quoque
1850 1897 1985 1941 locus,
2001 1908 2091 1935 non

441 1952 602 1997 exacte,
624 1954 693 1992 vel
711 1966 787 2002 per
805 1954 1182 1996 obseruationem,
1203 1954 1273 1992 vel
1294 1955 1426 1991 etiam
1443 1954 1798 1991 numerationem
1814 1951 2011 1999 aliquam
2027 1961 2091 1988 ra·

440 2014 542 2049 tam.
567 2020 666 2055 quae
691 2019 781 2046 non
805 2008 911 2046 dum
934 2014 1064 2046 antea
1088 2009 1239 2055 patuit,
1264 2009 1474 2055 cognitus,
1499 2006 1619 2044 haud
1641 2017 1799 2053 parum
1823 2004 1906 2043 hoc
1927 2006 1974 2042 in
1995 2003 2092 2042 loco

441 2060 619 2103 officiat:
637 2061 761 2099 Vnde
777 2064 1094 2109 competentius
1107 2061 1174 2103 est.
1192 2063 1305 2099 circa
1317 2058 1664 2108 AEquinodtiales
1676 2058 1889 2101 transitus.
1906 2069 2006 2096 cum
2017 2068 2093 2105 per

442 2115 795 2152 Declinationem
812 2115 1001 2152 multum
1013 2114 1284 2157 variabilem,
1301 2114 1414 2152 Solis
1431 2114 1553 2151 locus
1565 2115 1699 2151 tutius
1712 2124 1764 2150 ex
1777 2111 2091 2151 obseruatione
2127 2117 2160 2144 ³⁵

441 2168 722 2215 depromitur,
739 2167 835 2206 haec
851 2167 1100 2215 pradlicare.

496 2221 545 2258 Et
558 2223 763 2267 quamuis
776 2228 864 2259 tarn
876 2221 1172 2259 Illustrissimus
1182 2219 1320 2259 didius
1330 2221 1547 2268 Princeps,
1560 2231 1695 2267 quam
1706 2231 1798 2267 ego,
1810 2221 1856 2257 in
1868 2218 1952 2257 hoc
1961 2217 2090 2266 pluri-

442 2286 564 2311 mum
577 2274 966 2317 elaborauerimus,
982 2281 1024 2312 vt
1037 2275 1283 2322 Horologia
1296 2274 1502 2321 quaedam
1515 2272 1825 2314 correfflssima.
1842 2283 1933 2310 non
1945 2270 2091 2309 saltem

443 2327 604 2369 Horas,
626 2327 694 2365 sed
717 2330 847 2366 etiarn
869 2328 1068 2375 scrupula
1091 2330 1232 2375 prima
1249 2327 1286 2364 8(
1304 2327 1491 2365 secunda
1509 2327 1717 2365 constanti
1734 2326 1826 2374 lege
1843 2325 2091 2366 indicantia.

442 2380 621 2418 confieri
640 2393 910 2423 curaremus:
929 2381 1078 2428 qualia
1095 2383 1175 2418 tria
1187 2381 1256 2418 vel
1269 2387 1458 2427 quatuor
1474 2383 1518 2418 in
1536 2386 1710 2427 promtu
1727 2380 1883 2421 habeo.
1900 2379 2092 2417 maxima
2127 2383 2160 2410 ⁴0

442 2434 663 2481 diligentia
680 2433 930 2476 sabresaetae
948 2441 1095 2472 tamen
1113 2434 1273 2471 multas
1290 2434 1345 2471 ob
1362 2434 1525 2475 causas,
1543 2434 1595 2471 de
1613 2434 1772 2480 quibus
1787 2435 1919 2471 etiarn
1930 2441 2029 2470 cum
2042 2428 2091 2467 Il·

443 2487 677 2525 lustrissimo
691 2488 887 2535 Principe
905 2500 980 2535 per
994 2488 1158 2525 Literas
1175 2490 1252 2535 egi,
1271 2494 1312 2524 vt
1332 2490 1374 2524 in
1390 2487 1677 2534 Epistolarum
1691 2487 2091 2576 Assronomicffim

2000 2549 2014 2575 1
2045 2547 2092 2574 ro
