2243 3225
390 207 466 244 376
763 197 1216 238 ASTRONOMIAE
1238 195 1660 234 INSTAURATAE
2213 0 2243 277 Ἰ

391 312 586 349 Luminis
603 309 644 346 id
661 308 754 345 fieri
771 306 826 343 ob
842 306 969 342 Aeris
987 304 1024 341 8(
1041 304 1155 351 Ignis
1175 301 1422 349 interpofita
1442 301 1670 338 Elementa
1691 301 1813 347 (nam
1829 299 1867 338 8(
1883 300 2032 348 Ignem

388 364 462 401 sub
476 362 602 401 Coelo
616 362 690 398 esse
703 358 918 397 Aristoteli
930 359 1117 395 nimium
1129 356 1281 399 fidens,
1298 354 1512 400 concedit)
1528 360 1619 392 tam
1630 354 1886 392 naturaliter
1898 355 2032 401 quam

387 429 462 463 per
472 415 670 453 accidens
680 418 889 460 perpetuo
899 410 1111 448 hincinde
1121 408 1385 451 vacillantia,
1398 407 1720 454 Stellarumque
1730 406 1882 445 formis
1891 407 2031 454 aspec-

387 471 449 507 tui
466 468 606 506 nostro
623 465 944 504 intercedentia.
962 463 1089 500 Moto
1107 464 1224 499 enim
1241 460 1495 508 Diaphano,
1512 471 1589 508 per
1605 460 1723 508 quod
1739 460 1911 498 Lumen
1927 460 2031 499 Stel-

387 523 529 560 larum
546 521 745 562 cernitur‚
763 517 901 565 ipsum
918 516 1038 563 quasi
1053 515 1155 553 hinc
1172 514 1273 552 inde
1290 514 1473 561 dissipari
1489 520 1620 561 atque
1632 513 1794 552 vibrari
1807 512 2031 561 spectatur,
2070 529 2085 554 5

388 575 424 612 8(
434 575 488 612 ob
499 574 540 611 id
551 572 911 611 Scintillationem
922 569 1036 607 hanc
1047 568 1184 606 oculis
1196 570 1408 615 ingerere;
1422 566 1813 613 Quemadmodum
1821 566 1851 604 fi
1860 569 1906 604 in
1915 578 2033 615 aqua

387 627 602 675 pellucida
618 625 827 667 fluitante,
849 623 1003 660 formae
1020 633 1172 660 earum
1189 619 1442 668 speetenmr,
1459 619 1604 658 adhuc
1620 620 1719 667 plus
1735 620 1790 658 ob
1806 621 1952 668 Aquae
1967 620 2031 658 su·
2236 631 2242 680 Ι

386 682 714 728 peruenientem
737 677 907 715 cursum
926 675 1163 713 tremulum
1179 673 1544 712 Scintillationem
1559 673 1756 721 crispant.
1772 673 1827 719 Jn
1843 673 2032 712 Planetis

386 739 533 772 autem
550 733 591 770 id
608 732 809 770 rarissime
826 731 1087 776 contingere,
1105 728 1219 765 hanc
1236 729 1453 765 rationem
1469 727 1600 771 addit,
1618 726 1736 774 quod
1752 727 1815 764 illi
1830 726 1939 765 visui
1954 738 2031 765 no·

386 787 465 824 stro
486 788 710 833 propiores
730 783 820 826 sint,
841 783 1029 829 ideoque
1046 781 1228 819 Formas
1248 780 1440 827 ipsorum
1461 779 1614 818 fortius
1630 780 1685 818 ad
1702 778 1920 828 aspectum
1938 791 2031 828 per·
2073 794 2102 820 ιο

385 842 559 887 tingere,
577 844 706 885 atque
720 838 924 884 quamuis
937 834 1177 882 Diaphana
1188 832 1411 872 interiec'ta
1423 839 1701 877 moueantur,
1718 835 1933 881 promtius
1944 833 2031 872 fine

386 890 653 930 distractione
670 896 799 937 atque
815 890 1132 927 diuaricatione
1148 892 1389 935 penetrare.
1408 887 1613 934 Cumque
1630 886 1692 924 illi
1705 888 2032 934 nonnunquam

385 945 611 984 scintillare
621 949 838 991 putentur,
849 942 891 980 id
899 953 975 989 per
982 941 1183 979 accidens
1191 942 1382 985 euenire,
1390 940 1611 987 aliquibus
1618 940 1856 988 vaporibus
1863 941 2032 988 Aqueis

386 1000 500 1036 Aere
523 996 792 1046 grossioribus
814 995 916 1033 hinc
939 995 1040 1032 inde
1063 996 1233 1042 agitatis
1255 994 1661 1032 interuenientibus.
1680 994 1877 1041 Jdeoque
1899 993 1937 1031 &
1957 993 2032 1032 Sol

386 1052 721 1098 nonnunquam,
738 1049 974 1097 praesertim
985 1045 1000 1098 ΙΙ
1012 1048 1160 1086 Verno
1176 1047 1406 1094 Tempore,
1424 1047 1603 1094 quando
1619 1049 1716 1094 pori
1727 1046 1875 1085 Terrae
1891 1049 2031 1095 aperi·
2055 1055 2117 1088 403

386 1111 529 1149 untur,
552 1104 732 1152 plusque
748 1113 965 1150 vaporum
982 1101 1203 1144 exhalant,
1225 1103 1338 1138 circa
1355 1100 1582 1139 Orientem
1597 1099 1840 1145 scintillare,
1857 1100 1895 1138 &
1911 1100 2032 1148 quasi

385 1160 554 1196 moueri
565 1157 706 1195 forma
718 1156 793 1194 sua
805 1155 1081 1193 existimatur.
1099 1154 1307 1201 Hincque
1320 1153 1375 1192 est
1387 1154 1505 1201 quod
1516 1154 1648 1202 vulgo
1660 1154 1872 1198 credatur,
1885 1153 2032 1192 Solem

386 1212 468 1249 Die
482 1211 697 1249 Paschatis
709 1211 990 1252 exorientem,
1008 1207 1128 1255 quafi
1139 1208 1329 1254 tripudio
1346 1209 1668 1255 circumgyrari‚
1685 1219 1786 1246 cum
1797 1207 1841 1245 id
1852 1218 1944 1245 non
1954 1206 2031 1246 sal-

385 1272 471 1302 tem
488 1276 540 1302 eo
557 1264 654 1307 Die,
676 1263 745 1301 sed
761 1262 959 1310 pluribus
975 1262 1123 1299 Verno
1139 1261 1400 1308 potissimum
1415 1260 1646 1308 Tempore,
1668 1263 1714 1299 in
1735 1261 1854 1308 quod
1869 1260 2032 1300 Pascha

385 1319 619 1365 quotannis
642 1317 801 1359 incidit,
826 1327 1002 1354 cernere
1025 1315 1164 1358 liceat,
1189 1314 1286 1362 plus
1306 1314 1377 1352 vel
1396 1316 1544 1352 minus
1564 1325 1644 1362 pro
1664 1325 1883 1362 vaporum
1902 1316 2030 1353 inter·
2068 1327 2102 1354 20

384 1370 594 1409 iectorum
610 1369 893 1417 dispositione.

438 1425 737 1462 Veruntamen
753 1435 811 1461 an
827 1423 923 1460 haec
940 1422 1200 1469 Opticorum
1216 1423 1330 1459 circa
1341 1420 1576 1459 Stellarum
1588 1420 1953 1460 Scintillationem
1968 1433 2031 1460 re-

384 1478 549 1521 solutio,
581 1479 702 1515 omni
727 1488 780 1514 ex
805 1482 926 1524 parte
951 1475 1317 1523 approbationem
1345 1480 1578 1519 mereatur,
1609 1475 1793 1513 dubium
1817 1486 1909 1513 non
1933 1474 2031 1513 leue

384 1537 544 1573 mouet,
567 1531 683 1578 quod
705 1530 919 1568 Saturnus
935 1530 1159 1577 Apogaeus
1177 1528 1214 1566 &
1231 1529 1258 1566 a
1272 1527 1418 1566 Terris
1439 1528 1752 1572 remotissimus,
1773 1528 2031 1575 plurimum-

385 1596 468 1631 que
489 1585 544 1622 ad
565 1584 772 1621 Fixarum
793 1583 1026 1621 Stellarum
1050 1582 1168 1620 sedes
1191 1582 1404 1620 accedens
1425 1581 1520 1628 (nifi
1541 1583 1639 1629 quis
1659 1593 1760 1620 cum
1782 1581 2030 1630 Copernico
2067 1595 2100 1621 25

384 1638 563 1675 statuere
576 1637 689 1680 velit,
707 1636 851 1675 adhuc
867 1638 1109 1674 maximam
1121 1635 1360 1673 vastitatem
1373 1635 1595 1673 Sideribus
1607 1635 1773 1679 orbam,
1790 1634 1981 1674 Saturno
1993 1634 2031 1673 &

384 1690 552 1733 Asfixis,
570 1691 686 1738 quod
703 1690 938 1728 absurdum
955 1689 1021 1731 est,
1038 1688 1322 1734 intercedere)
1338 1700 1571 1736 nunquam
1586 1694 1735 1727 tamen
1746 1688 1816 1727 vel
1827 1689 2030 1727 rarissime

385 1744 744 1782 Scintillationem
761 1744 970 1786 admittat,
987 1743 1099 1781 adeo
1115 1748 1158 1780 vt
1174 1742 1217 1780 id
1233 1744 1378 1789 potius
1390 1742 1525 1780 Marti
1538 1741 1575 1780 8(
1588 1742 1749 1780 Veneri
1765 1748 1896 1790 atque
1913 1742 2030 1780 Mer-

385 1800 517 1840 curio,
535 1798 659 1835 nobis
675 1797 813 1835 multo
829 1796 1217 1844 propinquioribus
1229 1807 1556 1843 nonnunquam
1568 1797 1800 1844 contingat,
1816 1796 1914 1834 licet
1930 1807 2030 1834 con·

386 1853 633 1888 uenientius
653 1850 774 1893 foret,
796 1852 917 1888 iuxta
937 1849 1018 1888 has
1037 1849 1296 1897 Opticorum
1317 1851 1673 1887 ratiocinationes
1694 1849 1934 1888 Saturnum
1953 1849 2030 1888 ali-
2067 1861 2100 1888 ³0

385 1911 549 1951 quanto
566 1904 675 1951 plus,
691 1904 760 1941 vel
777 1904 925 1942 saltem
941 1903 1097 1950 saepius
1115 1904 1281 1940 caeteris
1297 1903 1352 1940 ob
1369 1904 1584 1941 maiorem
1606 1902 1943 1951 elongationem,
1964 1914 2030 1941 ra-

386 1958 479 1995 dios
496 1958 678 1999 vibrare,
696 1959 819 1995 cuius
836 1963 984 1995 tamen
1001 1958 1269 1994 contrarium
1284 1955 1497 1994 vsuuenit.

439 2011 530 2048 Nec
547 2011 674 2048 video
691 2023 766 2048 cur
783 2010 927 2048 Stellae
945 2013 989 2048 in
1007 2021 1081 2048 ore
1099 2010 1236 2048 Canis
1256 2012 1464 2047 maximae
1481 2009 1518 2047 8(
1535 2009 1799 2048 lucidissimae
1816 2009 1977 2048 Forma
1992 2009 2030 2048 ἃ

387 2064 554 2101 Lumen
571 2065 682 2102 adeo
699 2064 861 2101 sortiter
877 2065 931 2102 ad
949 2076 1029 2101 nos
1046 2075 1136 2101 non
1153 2063 1371 2104 deueniat.
1388 2070 1519 2110 atque
1533 2063 1689 2101 Martis
1706 2063 1834 2107 illius,
1852 2063 2030 2111 quando

386 2119 410 2153 a
436 2117 579 2154 Terris
604 2120 810 2154 remotior
836 2117 902 2159 est,
931 2129 1009 2154 nec
1035 2116 1174 2154 multo
1200 2118 1341 2154 maior
1367 2116 1509 2154 Stellis
1534 2116 1692 2155 Tertiae
1717 2117 2030 2165 magnitudinis
2066 2128 2099 2155 35

386 2169 609 2216 speciatur:
632 2170 860 2216 Quantum
882 2173 999 2208 enirn
1020 2177 1113 2208 tum
1135 2170 1260 2207 nobis
1281 2169 1366 2217 ipse
1389 2172 1566 2217 propior
1587 2170 1641 2208 en
1659 2170 1888 2213 Canicula,
1908 2176 2030 2208 tanto

386 2225 515 2260 etiam
533 2226 676 2260 minor
693 2230 884 2271 apparet,
902 2236 1044 2271 neque
1059 2224 1228 2261 Lumen
1246 2225 1339 2261 eius
1355 2224 1467 2261 adeo
1484 2223 1636 2261 oculos
1649 2223 1814 2262 nostros
1825 2223 2029 2271 percellit.

386 2283 514 2322 atque
526 2276 647 2314 dictae
658 2277 817 2314 Stellae:
832 2284 918 2314 vtvt
932 2280 1058 2324 igitur
1071 2277 1144 2314 illa
1157 2279 1364 2314 remotior
1376 2277 1430 2315 ad
1443 2279 1678 2315 minimum
1690 2277 1817 2324 supra
1829 2279 2030 2315 omnium

387 2329 663 2367 planetarum
681 2333 1092 2378 circumgyrationes
1110 2331 1299 2368 exaltata
1320 2327 1334 2379 ΙΙ
1356 2330 1413 2372 fit,
1435 2330 1623 2368 validius
1639 2337 1786 2368 tamen
1803 2330 2029 2378 maiusque
2053 2335 2113 2368 40⁴

386 2383 439 2419 ad
458 2395 537 2419 nos
556 2383 723 2420 Lumen
741 2386 878 2424 mittit.
896 2385 1012 2430 quod
1031 2396 1094 2424 ea,
1115 2395 1214 2430 quae
1232 2383 1581 2422 scintillationem
1598 2383 1791 2422 efficiunt
1808 2381 2030 2422 interiecta
2066 2394 2098 2421 ⁴0

388 2435 636 2482 Diaphana,
658 2437 816 2483 absque
839 2438 1151 2483 impedimento
1172 2444 1303 2483 atque
1320 2437 1637 2475 diuaricatione
1655 2437 1807 2475 fortius
1823 2443 2028 2485 penetret.

388 2489 688 2526 Nihilominus
696 2489 802 2537 Syrij
814 2490 945 2527 Stella
956 2502 1045 2536 prae
1056 2492 1221 2528 caeteris
1231 2489 1387 2527 Affixis
1397 2490 1636 2537 plurimum
1647 2490 1857 2533 scintillat:
1866 2490 2030 2529 Martia

1882 2551 2028 2582 autem
