2248 3298
110 835 141 862 10

109 1103 139 1130 15

101 1371 142 1508 03-ιὲ

105 1638 138 1664 25

105 2439 139 2466 40

472 238 1133 278 PROGYMNASMATUM
1155 240 1359 278 PRIMA
1381 241 1532 279 PARS
1788 241 1828 278 21

179 346 351 386 Deinde
374 345 404 383 fi
426 345 729 384 abstulerimus
750 346 917 384 Arcum
941 346 1024 390 LP,
1049 347 1102 384 ab
1124 348 1244 385 Arcu
1266 347 1401 390 LOT.
1426 348 1667 386 remanebit
1687 348 1829 385 Arcus

178 399 312 444 POT,
334 399 376 437 P.
394 399 466 437 131.
485 397 511 447 l.
528 398 590 436 22.
610 397 653 446 ll.
671 399 725 442 10,
748 401 872 437 cuius
891 399 1056 437 chorda
1073 400 1127 438 est
1143 400 1261 438 linea
1278 400 1350 438 PT
1367 401 1580 439 18225868.
1603 401 1746 439 Datur
1766 403 1829 438 in-

177 453 304 501 super
318 453 461 491 Arcus
478 451 618 498 POQ,
639 463 716 500 per
736 452 1008 490 additionem
1025 453 1120 499 QT.
1141 456 1262 500 prius
1279 457 1436 501 cogniti
1454 455 1508 492 ad
1525 455 1691 492 Arcum
1708 454 1830 493 POT

178 507 311 545 modo
322 511 556 554 repertum,
573 505 616 543 P.
629 505 709 544 176.
725 504 750 553 l.
763 506 825 544 49.
841 504 883 553 ll.
896 507 960 549 44,
978 509 1102 544 cuius
1115 506 1279 545 chorda
1292 507 1346 544 est
1358 507 1449 554 PQ.
1467 508 1679 546 19992342.
1696 508 1829 545 Porro

180 560 381 608 Angulus
402 559 517 597 PER
538 558 758 607 oppositus
779 559 957 607 Angulo
980 559 1105 606 QET
1125 572 1217 597 non
1238 560 1398 604 latebit,
1423 561 1477 598 est
1499 563 1617 598 enim
1638 568 1744 608 part.
1765 562 1828 599 45.

177 615 331 652 minut.
348 613 385 657 Ο,
406 613 531 651 alteri
551 612 749 660 aequalis,
771 612 904 650 huius
922 612 1038 651 finus
1059 613 1246 651 7071068.
1270 614 1335 651 Est
1356 620 1504 652 autem
1525 617 1569 651 in
1590 614 1829 662 Triangulo

177 667 291 706 PER
306 668 532 715 proportio
548 666 620 704 PE
637 666 693 704 ad
710 666 782 704 PR
798 665 901 704 ficut
917 666 1033 704 finus
1049 667 1214 714 Anguli
1231 667 1344 705 PER
1366 668 1421 705 ad
1442 674 1582 705 totum
1603 668 1754 711 sinum,
1777 680 1829 706 eo

177 721 296 769 quod
318 719 522 768 Angulus
545 720 601 758 ad
624 719 658 757 R
680 731 758 767 per
781 718 1144 758 constructionem
1168 720 1213 757 fit
1237 719 1404 759 Rectus.
1431 721 1496 758 Est
1519 721 1692 768 insuper
1715 721 1830 759 sinus

177 773 341 823 Anguli
367 773 478 812 LTP
496 773 684 812 3789761.
712 773 939 821 Proportio
960 785 1066 811 vero
1087 773 1162 811 TP
1182 774 1237 811 ad
1261 774 1333 811 PR
1358 774 1460 811 licut
1484 774 1599 812 finus
1622 777 1752 812 totius
1775 775 1830 812 ad

176 827 318 866 finum
342 827 475 865 huius
495 826 661 875 Anguli
682 826 805 871 LTP,
827 838 929 874 ergo
950 828 1153 874 qualium
1175 829 1296 875 prius
1317 828 1502 865 dabatur
1522 828 1596 865 TP
1617 828 1829 872 18225868,

176 881 332 920 talium
352 883 432 919 erit
452 880 617 919 chorda
637 880 710 918 PR
731 880 919 925 6907168,
942 880 979 918 8(
1001 883 1106 928 quia
1125 883 1350 928 proportio
1373 881 1445 918 PE
1469 882 1524 919 ad
1547 881 1620 919 PR
1644 881 1703 927 (vt
1725 881 1829 927 dixi)

176 934 216 974 se
232 934 364 973 habet
378 939 423 972 vt
438 933 554 972 finus
571 933 735 982 Anguli
752 934 867 972 PER
883 934 938 972 ad
954 933 1096 972 finum
1111 940 1264 978 totum,
1282 934 1412 973 Sinus
1424 946 1529 972 vero
1541 935 1705 982 Anguli
1717 934 1830 972 PER

177 988 232 1027 est
249 987 438 1032 7071068,
460 999 562 1036 ergo
583 987 785 1035 qualium
801 987 873 1025 PR
891 987 946 1026 est
962 987 1150 1031 6907168,
1172 988 1327 1026 talium
1349 990 1427 1026 erit
1443 988 1514 1026 PE
1531 988 1717 1026 9768210.
1740 989 1829 1026 Au·

175 1041 339 1081 feratur
354 1053 473 1080 nunc
489 1041 561 1079 PE
577 1052 605 1079 a
620 1040 699 1088 PQ
717 1041 847 1089 supra
863 1043 1046 1090 cognita,
1068 1041 1340 1089 relinquetur
1357 1041 1439 1088 EQ
1456 1041 1659 1080 10224132.
1682 1041 1829 1080 Postea

175 1095 339 1134 secetur
359 1094 439 1141 QP
457 1094 661 1133 bifariam
681 1097 728 1132 in
743 1095 794 1139 V,
821 1097 989 1142 eritque
1012 1095 1067 1133 ob
1091 1095 1134 1133 id
1155 1095 1236 1141 QV
1256 1095 1435 1139 9996171,
1462 1095 1692 1133 dimidium
1713 1096 1828 1133 vide-

175 1149 273 1187 licet
294 1148 425 1197 ipsius
446 1148 537 1195 PQ.
561 1148 758 1187 Demum
780 1150 826 1186 in
846 1148 1087 1197 Triangulo
1108 1149 1242 1193 ZEV,
1267 1148 1532 1197 Red'tangulo
1556 1160 1632 1196 per
1655 1147 1829 1187 ductam

175 1202 267 1247 ZV,
288 1214 394 1241 nam
409 1202 439 1240 fi
454 1202 720 1250 intelligatur
741 1203 915 1240 extendi
936 1202 1054 1240 linea
1070 1214 1097 1240 a
1112 1203 1146 1240 Z
1163 1204 1209 1240 in
1225 1203 1268 1245 Ρ,
1290 1205 1368 1240 erit
1389 1214 1442 1240 ea
1458 1202 1642 1250 aequalis
1659 1202 1753 1249 ZQ,
1776 1214 1828 1240 eo

175 1256 294 1304 quod
313 1255 390 1294 fiat
409 1267 432 1293 e
451 1255 617 1294 Centro
638 1255 831 1294 eiusdem
847 1256 1026 1300 Circuli‚
1049 1268 1237 1303 cumque
1255 1256 1333 1302 PQ
1352 1256 1580 1303 aequaliter
1601 1256 1829 1294 dirimatur

175 1311 221 1348 in
235 1309 287 1354 V,
307 1309 458 1347 incidit
478 1320 532 1347 ea
551 1311 597 1347 in
618 1309 697 1356 PQ
718 1309 1074 1358 orthogonaliter.
1098 1310 1282 1348 Lineam
1299 1310 1377 1347 ZV
1394 1309 1447 1347 fic
1466 1309 1826 1347 mensurabimus.

176 1362 565 1411 Complementum
581 1362 710 1410 POQ
725 1363 781 1401 ad
798 1363 1133 1402 Semicirculum
1150 1363 1205 1401 est
1221 1364 1263 1401 Ρ.
1280 1364 1316 1401 3.
1332 1362 1356 1411 l.
1371 1363 1422 1401 10.
1439 1362 1480 1410 ll.
1499 1363 1552 1405 16,
1573 1365 1696 1400 cuius
1712 1362 1828 1400 finus

174 1416 335 1461 553182,
358 1416 492 1455 huius
514 1428 619 1455 vero
642 1417 875 1455 dimidium
898 1417 1153 1464 aequipollet
1175 1418 1311 1455 Arcui
1334 1417 1414 1454 ZV
1437 1417 1597 1461 276591,
1622 1416 1700 1454 EV
1723 1418 1827 1454 vero

175 1470 303 1509 datur
322 1481 399 1518 per
418 1469 755 1509 subtractionem
772 1470 857 1517 QV
874 1482 900 1509 a
917 1470 999 1517 QE
1017 1471 1178 1509 227961.
1201 1470 1481 1518 Quapropter
1501 1473 1545 1508 in
1567 1469 1678 1508 dicto
1700 1466 1714 1519 ΙΙ
1735 1469 1826 1507 Tri-

174 1523 337 1572 angulo
353 1522 576 1563 rectilineo
593 1536 616 1562 e
633 1524 743 1562 datis
760 1524 932 1563 duobus
945 1524 1172 1563 Lateribus
1190 1527 1302 1562 circa
1319 1522 1498 1562 Rectum
1515 1523 1594 1561 ZV
1606 1523 1643 1561 &
1656 1523 1746 1566 EV,
1764 1525 1826 1561 in-

174 1576 352 1616 notescit
366 1589 444 1626 per
460 1577 695 1616 Canonem
711 1577 966 1616 faecundum
978 1578 1181 1626 Angulus
1198 1578 1330 1621 ZEV,
1348 1578 1390 1615 Ρ.
1404 1578 1466 1615 50.
1482 1576 1506 1625 l.
1519 1577 1582 1620 30,
1601 1588 1622 1614 e
1639 1588 1826 1614 numero

174 1631 374 1670 videlicet
388 1630 594 1669 faecundo
610 1631 795 1670 12134138
810 1632 1029 1679 prodiens.
1048 1632 1230 1669 Metitur
1246 1633 1350 1669 vero
1367 1631 1438 1669 iste
1456 1630 1657 1678 Angulus
1674 1630 1825 1668 distan-

174 1686 281 1724 tiam
304 1685 491 1733 Apogaei
516 1684 562 1723 H
590 1696 617 1723 a
643 1684 805 1733 puncto
832 1685 873 1732 Q
897 1686 1129 1723 medietate
1159 1687 1216 1730 ⁸0².
1249 1685 1377 1723 Cadit
1406 1687 1553 1732 itaque
1579 1685 1826 1732 Apogaeum

175 1737 288 1777 Solis
303 1738 507 1777 addendo
528 1737 647 1777 hune
663 1739 893 1787 Angulum
909 1739 951 1777 P.
969 1739 1032 1777 50.
1051 1737 1076 1787 l.
1093 1739 1157 1783 30,
1179 1739 1234 1777 ad
1251 1739 1291 1777 15
1313 1740 1354 1783 {3³
1375 1740 1420 1776 in
1436 1738 1478 1775 Ρ.
1496 1739 1531 1776 5.
1552 1736 1576 1785 l.
1593 1737 1645 1775 30
1666 1743 1718 1777 ἐξ.
1742 1737 1825 1775 Co-

175 1791 390 1840 gnoscitur
409 1791 584 1840 insuper
604 1792 738 1831 Latus
757 1794 933 1830 tertium
953 1793 1041 1836 ΖΕ,
1063 1792 1224 1834 358416,
1246 1792 1446 1839 qualium
1468 1791 1546 1829 EV
1568 1797 1657 1829 erat
1678 1790 1825 1829 227961

176 1844 215 1884 &
234 1845 326 1890 ZV,
349 1845 511 1891 276591,
531 1845 602 1884 vel
622 1846 823 1894 qualium
843 1846 960 1884 finus
980 1852 1095 1884 totus
1116 1846 1171 1884 est
1192 1845 1405 1889 10000000,
1428 1847 1502 1892 qui
1523 1844 1826 1891 correspondet

175 1898 510 1938 Semidiametro
535 1899 773 1938 Eccentrici
797 1900 897 1944 HZ,
924 1899 962 1937 &
986 1911 1064 1947 per
1087 1899 1368 1946 consequens,
1395 1898 1594 1946 qualium
1617 1897 1826 1936 Semidia-

145 1953 150 1958 '
174 1957 312 1991 meter
322 1952 560 1991 Eccentrici
577 1952 632 1991 est
648 1953 711 1998 60,
727 1953 883 1992 talium
900 1953 1205 1991 Eccentricitas
1222 1955 1299 1990 erit
1316 1952 1358 1989 P.
1375 1952 1411 1989 2.
1426 1950 1451 1998 l.
1464 1952 1500 1990 9.
1516 1950 1557 1999 ll.
1575 1951 1610 1988 2.
1629 1952 1826 1999 Apogaeo

174 2008 298 2068 iuxta
311 2011 419 2054 part.
434 2007 481 2047 5}
497 2012 538 2047 Θ
554 2009 676 2054 prius
691 2007 946 2051 adinuento‚
965 2018 1064 2054 quae
1082 2007 1170 2044 duo
1187 2006 1271 2044 hoc
1287 2006 1476 2053 processu
1493 2007 1713 2052 inquirere
1730 2016 1826 2052 pro-

174 2059 482 2152 pofl-'lalrffneltsiam
505 2113 722 2152 Methodo
745 2114 800 2153 ad
823 2114 991 2152 medias
1014 2120 1158 2161 partes
1179 2113 1298 2161 Signi
1326 2115 1362 2157 Q
1390 2112 1506 2150 idem
1529 2111 1825 2152 scrutabimur.

174 2165 483 2229 vbi-Figuratio
499 2167 634 2215 paulo
651 2167 776 2206 aliter
792 2167 1062 2215 disponenda
1078 2169 1207 2208 venit.
1229 2167 1360 2213 idque
1378 2168 1422 2203 in
1439 2165 1558 2203 hunc
1575 2171 1617 2202 vt
1633 2176 1737 2202 mox
1753 2176 1825 2212 pa-

174 2220 516 2313 ῐειίἓῐὲῗιᾝῐιῗῇ]
531 2277 740 2322 temporis
753 2286 779 2313 a
791 2274 904 2313 Solis
920 2274 1098 2312 transitu
1113 2279 1351 2321 apparente
1363 2285 1440 2320 per
1452 2274 1492 2311 15
1504 2273 1620 2320 grad.
1642 2274 1677 2316 Q
1696 2271 1826 2318 vsque

174 2328 220 2365 in
230 2326 717 2376 punctumAEquinoetij
732 2328 1015 2371 autumnalis,
1029 2327 1084 2365 est
1096 2327 1283 2365 Dierum
1295 2327 1356 2364 46.
1372 2327 1429 2364 H.
1443 2327 1478 2364 9.
1493 2326 1555 2363 Μ.
1567 2326 1618 2363 40
1630 2326 1689 2371 (vt
1700 2325 1827 2372 supra

174 2380 486 2428 iudicauimus)
508 2381 667 2429 quibus
688 2381 948 2430 respondent
969 2381 1021 2419 de
1042 2381 1189 2419 medio
1205 2387 1328 2418 motu
1346 2380 1458 2418 Solis
1474 2382 1594 2417 iuxta
1612 2381 1826 2416 rationem

174 2433 450 2479 anteditstam,
474 2435 517 2473 P.
539 2436 602 2474 45.
625 2434 650 2483 l.
672 2436 735 2473 44.
760 2434 803 2483 ll.
825 2435 879 2479 13,
903 2446 1004 2482 quae
1026 2436 1193 2472 Arcum
1217 2434 1298 2480 QL
1321 2434 1624 2471 determinant.
1651 2432 1826 2469 Medius

174 2498 280 2526 vero
295 2494 441 2526 motus
457 2488 570 2527 Solis
586 2489 640 2527 ab
655 2495 701 2528 V
714 2491 760 2526 in
781 2493 823 2532 g.
844 2488 899 2526 est
915 2495 958 2526 vt
974 2490 1106 2535 prius.
1125 2488 1167 2525 Ρ.
1186 2487 1265 2525 184.
1281 2486 1305 2533 l.
1319 2488 1354 2525 5.
1370 2485 1412 2533 ll.
1430 2486 1492 2528 24,
1513 2485 1826 2533 repraesentans

174 2540 341 2579 Arcum
356 2541 500 2585 THL,
522 2544 646 2580 cuius
667 2542 1041 2589 complementum
1058 2542 1112 2579 ad
1130 2543 1346 2588 integrum
1364 2539 1591 2578 Circulum
1610 2539 1746 2628 refldit
1764 2549 1825 2575 re-

1689 2602 1825 2638 quum
