2164 3246
406 180 1069 220 PROGYMNASMATUM
1091 182 1294 221 PRIMA
1316 184 1468 224 PARS
1698 187 1766 225 195

110 289 263 326 minut.
284 287 310 325 l.
334 286 377 336 ll.
398 287 462 332 22,
487 287 525 326 &
548 287 705 326 euadet
728 289 785 326 ad
808 300 911 326 eum
934 289 1119 326 Annum
1142 290 1344 329 Ascenfio
1369 291 1498 331 Recta
1521 293 1698 332 Lucidae
1718 300 1763 334 V

110 346 216 389 part.
226 341 289 379 25.
302 339 327 389 l.
338 341 401 380 54.
413 339 456 389 ll.
467 341 518 379 49
529 343 672 388 primo
682 343 959 389 inquirenda,
972 354 1165 390 moxque
1176 355 1252 391 per
1262 344 1486 392 sequentia
1495 348 1764 395 corrigenda.

162 394 340 433 ANNO
361 394 467 439 1588,
490 394 575 432 Die
595 394 637 433 16
652 395 817 442 Aprilis
838 395 928 443 post
945 396 1181 434 Meridiem
1202 397 1313 436 Hor.
1330 398 1366 436 6.
1385 399 1448 437 M.
1465 400 1528 444 25,
1551 400 1765 440 Distantia

109 450 220 486 inter
240 447 388 486 Solem
408 448 447 486 &
467 448 700 493 Venerem,
726 454 834 496 part.
855 449 918 487 30.
941 451 1046 487 min.
1069 450 1119 487 52
1141 450 1308 489 caelitus
1329 454 1593 499 capiebatur.
1621 454 1764 492 Decli-

57 515 73 541 5
109 503 229 540 natio
245 501 429 539 Veneris
449 506 556 549 part.
574 502 637 540 22.
654 503 759 540 min.
777 502 851 542 45³}
872 502 1027 540 Borea.
1045 503 1243 541 Altitudo
1260 504 1373 543 Solis
1394 506 1418 544 8
1439 513 1545 554 part.
1565 508 1763 546 Altitudo

109 555 292 593 Veneris
311 555 354 593 P.
376 555 438 593 32.
461 555 604 593 Locus
624 555 737 594 Solis
758 561 865 603 part.
887 556 923 594 6.
947 554 972 604 l.
995 556 1057 594 34.
1081 554 1125 604 ll.
1146 557 1198 595 50
1224 560 1281 601 ὅ.
1306 559 1508 598 Ascenfio
1530 560 1659 600 Recta
1680 562 1762 600 loci

109 608 233 653 Solis,
245 614 353 656 part.
364 608 426 646 34.
439 610 544 646 min.
555 608 607 647 13.
620 607 663 657 ll.
673 609 736 647 55.
751 609 1000 647 Declinatio
1013 610 1206 648 eiusdem
1217 617 1324 658 part.
1338 612 1390 650 13.
1403 616 1508 651 min.
1521 615 1594 654 45}
1607 615 1761 653 Borea.

109 662 258 709 Quare
280 674 360 710 pro
383 663 647 710 inquirenda
669 664 780 701 inter
802 662 885 700 hos
908 663 1020 701 duos
1042 663 1245 702 Planetas
1268 665 1466 705 distantia
1487 668 1761 715 AEquatoria,

107 715 154 754 fit
177 717 223 753 in
247 715 331 754 hac
355 715 604 764 praescripta
628 716 908 764 Figuratione
934 717 968 754 B
992 717 1155 755 Venus.
1183 718 1220 756 C
1246 718 1332 756 Sol.
1541 735 1579 774 A

43 781 73 808 ιο
109 769 242 808 Latus
258 769 349 814 BA,
366 774 473 817 part.
486 770 549 808 67.
566 772 671 808 min.
689 769 763 814 143,
782 769 1173 817 Complementum
1189 771 1333 810 Decli-

108 824 298 861 nationis
305 823 502 861 Veneris.
520 823 601 861 CA
612 828 720 871 part.
733 823 796 862 76.
811 822 836 871 l.
849 823 925 868 142¹„
943 823 1334 872 Complementum

107 875 428 915 Declinationis
439 876 564 915 Solis.
582 877 658 915 BC
674 882 782 925 part.
795 877 858 915 30.
873 875 898 925 l.
911 877 974 922 52,
992 877 1207 916 Distantia
1221 878 1334 917 Solis

108 929 146 969 &
166 930 362 968 Veneris.
386 930 451 968 Ex
473 929 542 968 his
564 931 701 969 tribus
725 930 953 969 Lateribus
976 931 1100 976 datis,
1124 934 1333 971 inuentus

109 982 164 1022 est
178 983 382 1032 Angulus
398 984 526 1022 BAC
546 996 624 1032 per
639 984 976 1032 Triangularem
995 985 1333 1024 calculationem

43 1049 73 1075 1⁵
108 1042 214 1085 part.
230 1036 283 1075 31.
302 1035 328 1085 Ι.
344 1037 404 1081 9ὲ,
425 1039 501 1085 qui
521 1037 720 1076 discernit
741 1037 1034 1076 differentiam
1050 1039 1332 1078 Ascenfiona-

107 1090 194 1129 lem
209 1092 321 1129 inter
331 1090 481 1129 Solem
493 1091 531 1129 &
542 1091 774 1136 Venerem,
791 1091 1069 1140 adiectusque
1081 1092 1332 1131 Ascenfioni

107 1143 219 1246 lSolis
234 1144 307 1183 dat
317 1144 627 1183 Ascenfionem
643 1144 820 1184 Rectam
832 1145 1016 1184 Veneris
1032 1152 1140 1194 part.
1153 1147 1215 1185 65.
1231 1145 1255 1195 l.
1269 1147 1331 1185 23.

159 1251 326 1290 Eodem
347 1251 433 1290 Die
451 1252 494 1290 P.
512 1252 576 1290 M.
593 1252 705 1291 Hor.
722 1253 758 1291 8.
777 1253 840 1291 M.
858 1252 921 1297 30,
944 1253 1122 1292 distabat
1139 1254 1290 1292 Venus
1307 1267 1333 1292 a

39 1316 72 1342 20
107 1305 271 1344 Lucido
286 1305 397 1353 pede
416 1308 452 1349 Π
470 1311 578 1353 part.
595 1306 659 1345 27.
676 1309 782 1344 min.
799 1306 857 1346 δὲ.
880 1306 1132 1345 Declinatio
1149 1308 1333 1346 Veneris
1362 1306 1390 1344 B

106 1363 212 1406 part.
228 1359 291 1397 22.
308 1361 413 1397 min.
430 1359 505 1399 48}
521 1359 676 1398 Borea.
694 1360 945 1398 Declinatio
958 1361 1136 1399 Lucidae
1153 1363 1198 1399 in
1215 1362 1331 1409 pedi-

105 1411 186 1451 bus
199 1414 235 1457 Ι
250 1424 303 1451 ex
315 1415 440 1451 certis
453 1413 846 1452 Obseruationibus
857 1420 975 1459 nota,
989 1414 1031 1452 P.
1042 1414 1094 1452 16.
1109 1413 1121 1463 l
1128 1446 1134 1453 .
1145 1415 1215 1455 403
1232 1415 1330 1453 Bor.

106 1471 284 1514 eratque
300 1471 403 1505 tunc
419 1466 618 1505 Altitudo
635 1467 820 1505 Veneris
836 1467 895 1508 14³2
915 1473 1022 1516 part.
1387 1462 1426 1502 D
1677 1469 1711 1509 E
1757 1499 1760 1501 >

157 1519 257 1558 Hac
278 1521 407 1568 igitur
429 1522 475 1558 in
496 1521 655 1569 Figura
676 1521 709 1559 B
729 1524 774 1565 Q.
797 1521 834 1559 C
851 1522 1043 1560 Lucidus
1061 1533 1137 1569 pes
1161 1525 1215 1565 Π.
1239 1523 1372 1560 Latus
1389 1522 1484 1567 BA,
1508 1523 1550 1560 P.
1568 1523 1630 1561 67.
1651 1522 1675 1571 Ι.
1693 1524 1758 1566 11ῒ.

38 1584 70 1610 2⁵
106 1572 493 1621 Complementum
501 1574 1021 1613 DeclinationisVeneris.
1031 1575 1125 1619 CA,
1134 1576 1243 1614 P.73.
1250 1574 1261 1623 l
1268 1607 1274 1613 .
1284 1576 1341 1616 193
1351 1607 1358 1620 ‚
1368 1576 1757 1624 Complementum

106 1625 425 1666 Declinationis
450 1627 628 1666 Lucidae
654 1630 700 1666 in
724 1628 835 1676 pede
864 1631 919 1672 Π.
946 1628 1026 1667 BC
1052 1629 1251 1667 distantia
1486 1644 1529 1687 Α

105 1681 215 1719 inter
229 1680 345 1719 hanc
359 1681 541 1720 Stellam
559 1684 595 1725 ][
615 1681 653 1720 8(
672 1685 715 1727 Ω,
732 1682 775 1720 Ρ.
788 1682 850 1721 27.
866 1681 891 1730 Ι.
904 1682 962 1722 3ὲ.
981 1682 1131 1729 Quare
1148 1695 1250 1720 cum

105 1732 200 1772 haec
215 1736 368 1773 omnia
383 1735 541 1773 Latera
563 1735 724 1774 fuerint
745 1736 859 1780 data,
881 1736 1029 1774 euadit
1046 1736 1249 1784 Angulus

105 1786 244 1832 BAC,
264 1793 372 1836 part.
389 1788 452 1827 38.
470 1791 575 1827 min.
592 1789 651 1834 23,
673 1789 873 1828 distantia
888 1789 1150 1837 AEquatoria
1167 1790 1248 1828 Ve-

37 1850 71 1877 30
105 1842 220 1879 neris
235 1840 274 1879 8(
290 1841 442 1880 Lucidi
458 1843 580 1890 pedis
600 1845 654 1886 Ι[.

155 1893 348 1943 Tempus
373 1895 569 1944 elapsum
593 1898 705 1935 inter
730 1902 945 1944 vtranque
971 1896 1247 1935 Obseruatio-

105 1958 206 1986 nem
228 1952 255 1992 Q
278 1949 334 1987 ad
358 1951 401 1994 Θ
426 1949 465 1987 8(
485 1950 652 1994 Fixam,
677 1950 788 1988 Hor.
810 1950 846 1988 2.
870 1950 932 1988 M.
955 1951 991 1994 5.
1014 1951 1173 1997 quibus
1194 1951 1247 1988 de

103 2006 225 2040 motu
239 2001 399 2041 diurno
415 2003 471 2042 ad
486 2003 778 2051 AEquatorem
794 2003 953 2042 collato
970 2004 1012 2041 P.
1027 2004 1051 2041 1.
1067 2002 1167 2051 s.l721›⁷
1184 2016 1246 2042 re-

103 2053 311 2102 spondent
324 2054 350 2104 Ι.
362 2056 398 2095 6.
413 2054 425 2105 l
431 2055 456 2105 Ι.
469 2057 520 2094 42
536 2057 784 2105 adijcienda
799 2061 825 2100 Q
840 2057 1091 2095 Ascenfioni
1104 2056 1246 2095 Rectae
1689 2086 1726 2129 Β

36 2117 69 2143 35
103 2118 130 2146 a
151 2107 250 2147 Sole
273 2109 499 2158 inquifitae,
525 2116 569 2148 vt
591 2110 637 2148 fit
660 2110 863 2149 Ascenfio
887 2111 1070 2148 Veneris
1094 2111 1246 2149 vltimo

23 2164 80 2198 192
102 2159 342 2213 Tempe-nri
358 2166 643 2209 conueniens,
660 2170 767 2212 part.
785 2165 848 2203 65.
868 2162 892 2212 l.
906 2164 968 2202 30.
989 2162 1031 2212 ll.
1045 2165 1080 2203 7.
1098 2165 1245 2203 Adda-
1273 2160 1310 2198 C

102 2218 170 2253 tur
180 2227 297 2255 nunc
308 2216 411 2255 huic
422 2217 669 2256 differentia
678 2217 997 2256 Ascenfionalis
1010 2218 1187 2256 Lucidae
1200 2220 1245 2256 in

102 2268 209 2315 pede
226 2271 260 2314 I
277 2281 304 2308 a
315 2270 486 2309 Venere
502 2273 623 2318 prius
637 2277 820 2319 reperta,
838 2271 876 2308 &
893 2272 1158 2318 producetur
1169 2271 1244 2309 As-

102 2321 240 2361 cenfio
252 2322 381 2363 Recta
393 2324 571 2363 Lucidae
583 2324 730 2363 Stellae
746 2327 792 2363 in
806 2325 990 2372 pedibus
1008 2328 1042 2369 II
1060 2331 1167 2373 part.
1180 2325 1242 2363 93.
1259 2311 1298 2344 D
1704 2305 1744 2350 E

35 2383 67 2409 ⁴0
103 2371 128 2422 Ι.
140 2374 202 2413 32.
218 2373 261 2424 ΙΙ.
273 2377 335 2416 57.
353 2377 615 2416 Differentia
631 2384 781 2416 autem
797 2378 1117 2417 Ascenfionalis
1134 2381 1228 2417 eius
1245 2391 1271 2417 a
1288 2378 1452 2416 Lucida
1472 2385 1517 2418 V
1536 2381 1657 2416 iuxta
1674 2391 1750 2416 no·

100 2426 201 2467 nras
220 2429 329 2468 alias
346 2430 698 2475 obseruationes,
721 2432 776 2470 est
792 2432 834 2469 P.
852 2432 915 2470 67.
934 2430 960 2479 l.
977 2432 1040 2470 24.
1060 2431 1102 2480 ll.
1121 2432 1183 2475 35,
1206 2444 1306 2480 quae
1324 2432 1377 2470 ab
1395 2434 1576 2470 inuenta
1593 2432 1750 2469 Ascen-

100 2479 215 2520 fione
231 2482 355 2522 dietae
367 2483 512 2523 Stellae
527 2484 752 2529 subtracta,
770 2485 976 2533 relinquit
988 2485 1296 2524 Ascenfionem
1310 2483 1486 2523 ReClam
1499 2485 1675 2575 Lucidlff:
1686 2491 1748 2575 ἐξ,

204 2543 254 2570 2⁵·
1662 2569 1668 2574 .
1741 2569 1747 2574 .

1717 1297 1752 1339 C
