2164 3246
88 803 118 829 10

67 905 130 938 395

89 1072 118 1098 15

85 1606 118 1632 25

84 1873 118 1900 ³0

86 2140 118 2166 35

393 200 1052 240 PROGYMNASMATUM
1074 202 1384 242 SECUNDA
1405 205 1556 244 PARS
1737 205 1804 243 371

155 308 269 356 Quae
284 308 382 346 licet
397 319 489 346 non
504 308 694 346 multum
711 319 737 346 a
753 308 896 347 nostra
912 309 1213 348 constitutione
1225 312 1271 348 in
1284 310 1382 349 loco
1394 311 1539 350 Stellae
1553 312 1803 360 discrepent,

153 363 197 401 id
221 363 369 400 euenit
393 367 543 400 tamen
567 364 712 409 potius
737 373 814 409 per
839 362 1054 407 accidens,
1079 363 1117 401 &
1140 364 1194 402 ob
1218 363 1460 403 adhibitam
1483 365 1803 409 limitationem,

154 427 289 464 quam
305 415 424 463 quod
439 414 538 453 loca
549 414 784 454 Stellarum
801 418 879 454 rite
896 415 936 454 se
953 416 1158 455 habeant.
1176 417 1307 463 Quod
1324 418 1422 456 satis
1438 421 1576 466 patuit
1588 421 1633 457 in
1645 419 1803 458 Ascen-

153 469 344 561 fioncilbtgs
373 467 512 507 Rectis
536 468 759 507 viceuersa
784 470 1089 517 comprobatis,
1121 482 1220 518 quae
1247 471 1289 509 18
1313 471 1448 519 scrup.
1475 484 1586 520 pene
1612 475 1804 511 inuicem

154 523 240 561 dissi
273 534 295 561 e
327 528 415 561 ant.

206 576 250 615 Si
261 575 538 624 Alphonfina
549 575 784 615 Stellarum
800 576 910 621 loca,
928 577 1084 615 eodem
1096 577 1229 616 modo
1242 580 1286 616 in
1298 578 1420 616 vsum
1432 579 1604 617 trahere
1617 579 1802 623 libuerit,

153 632 383 678 proueniet
403 641 430 668 a
450 629 616 667 Lucida
638 629 873 668 Cathedrae
895 630 989 668 Asc.
1011 631 1057 669 R.
1079 631 1121 669 P.
1143 632 1232 670 357.
1256 630 1280 679 l.
1303 632 1370 675 25;
1395 633 1448 670 ab
1470 633 1607 671 altera
1628 635 1673 670 in
1694 633 1803 680 pede

154 683 197 722 P.
208 683 297 722 359.
312 681 338 731 l.
350 683 418 727 22;
435 685 549 721 itavt
565 682 812 721 differentia
827 683 873 721 fit
889 695 946 732 gr.
960 684 984 721 2
996 687 1142 723 minus
1158 685 1308 722 saltem
1323 686 1458 723 tribus
1475 688 1666 729 minutis,
1684 686 1802 733 quod

153 737 255 776 sane
275 738 464 775 nimium
480 736 547 774 est.
570 736 775 775 Medium
790 737 1010 785 vtriusque
1027 738 1099 776 dat
1115 738 1209 776 Asc.
1228 738 1273 776 R.
1292 738 1333 776 Ρ.
1351 739 1439 777 358.
1459 737 1484 787 l.
1502 739 1586 783 232,
1609 751 1709 787 quae
1731 739 1803 777 ad-

154 790 290 829 hibita
301 790 357 828 ad
369 790 726 829 Declinationem
738 790 947 835 vfitatam,
964 792 1114 838 pandit
1130 794 1252 830 iuxta
1266 793 1596 830 antecedentem
1608 793 1803 831 Demon-

153 843 402 883 strationem
417 844 578 892 Angul.
596 843 725 882 ABC
744 850 851 892 part.
868 845 931 883 54.
951 843 976 892 l.
993 845 1045 889 18,
1068 851 1284 892 quantum
1304 846 1503 884 videlicet
1520 845 1653 884 Stella
1669 846 1804 884 Noua

154 899 374 936 remoueri
395 897 570 936 deberet
590 897 646 936 ab
666 899 791 936 initio
813 903 854 938 03
875 898 1120 943 retrorsum,
1141 905 1184 937 vt
1200 898 1246 936 fit
1261 899 1383 937 locus
1405 896 1419 949 ΙΙ
1441 901 1535 937 eius
1551 901 1673 937 iuxta
1688 899 1803 938 hanc

155 953 537 990 ratiocinationem
552 953 599 989 in
614 951 657 989 P.
671 952 707 990 5.
726 949 738 999 Ι
744 982 751 989 .
764 951 816 989 42
837 954 894 996 ὅ,
912 951 1119 990 deficiens
1136 964 1163 990 a
1178 964 1282 990 vero
1301 952 1399 1000 plus
1416 954 1582 1000 integro
1598 953 1747 1001 gradu,
1766 953 1803 990 8(

155 1005 358 1044 Latitudo
373 1004 417 1043 P.
428 1005 492 1043 54.
511 1003 537 1053 l.
553 1004 604 1043 25
621 1004 710 1043 fere
727 1005 882 1049 Borea,
900 1005 1132 1044 abundans
1149 1006 1320 1044 duabus
1336 1008 1470 1054 tertijs
1487 1008 1615 1044 vnius
1631 1007 1802 1054 gradus,

155 1070 256 1107 quae
271 1058 373 1097 sane
389 1058 583 1097 deuiatio
594 1058 825 1106 vtrobique
843 1060 975 1096 etiam
991 1062 1129 1097 nimia
1145 1059 1211 1097 est.
1230 1059 1313 1097 Sed
1325 1059 1420 1097 haec
1433 1060 1485 1098 de
1498 1060 1565 1097 his
1577 1059 1802 1098 sufficiant.

206 1112 370 1151 Addidi
389 1117 539 1151 autem
559 1112 657 1150 loca
673 1112 821 1150 Nouae
838 1112 983 1150 Stellae
1004 1112 1292 1151 diuerfimode
1313 1113 1552 1151 secundum
1569 1113 1803 1152 Calculum

154 1165 480 1214 Alphonfinum
496 1165 535 1204 8(
551 1165 887 1214 Copernianum
908 1166 1182 1214 prodeuntia,
1204 1178 1295 1204 non
1312 1166 1430 1214 quod
1452 1166 1547 1204 haec
1566 1167 1731 1214 aliquid
1748 1167 1803 1204 ad

154 1230 259 1265 rem,
271 1230 407 1267 quam
417 1219 700 1263 intendimus,
712 1219 835 1258 solidi
847 1222 1060 1258 momenti
1072 1220 1282 1263 adferant,
1295 1219 1365 1258 sed
1374 1226 1417 1257 vt
1427 1220 1651 1267 disparitas
1660 1232 1803 1267 prom-

153 1275 239 1312 tius
254 1272 595 1321 cognosceretur,
617 1272 655 1311 8(
676 1273 998 1311 emendationis
1015 1273 1249 1312 Stellarum
1265 1273 1474 1311 Fixarum
1490 1274 1706 1312 necessitas
1729 1274 1804 1320 (vti

155 1326 362 1374 diximus)
379 1332 645 1371 cerneretur;
664 1326 808 1374 thue
825 1326 950 1365 simul
967 1338 1020 1364 ex
1036 1326 1104 1365 his
1120 1332 1296 1375 pateret,
1319 1338 1454 1374 quam
1470 1326 1595 1365 facile
1612 1328 1658 1364 in
1674 1327 1805 1365 deuia

154 1379 259 1428 lapfl
282 1380 362 1419 fint
384 1380 460 1425 illi,
486 1382 562 1428 qui
587 1380 905 1428 praesuppofitis
930 1380 1215 1424 Tabularum,
1245 1380 1391 1427 quoad
1417 1380 1571 1418 Stellas
1596 1382 1803 1424 numeris,

154 1433 278 1472 nulla
299 1433 495 1473 adhibita
519 1433 786 1472 correfiione
807 1433 865 1471 vfi
888 1433 995 1477 sunt,
1020 1434 1207 1481 ideoque
1231 1436 1392 1471 mirum
1416 1445 1506 1471 non
1530 1434 1606 1471 esse
1629 1434 1683 1472 ab
1707 1433 1803 1482 alijs

154 1492 285 1536 atque
310 1487 408 1536 alijs
432 1487 721 1532 Authoribus‚
751 1493 842 1526 tam
867 1487 1037 1525 diuersa
1065 1487 1197 1525 huius
1223 1487 1367 1525 Stellae
1396 1487 1493 1525 loca
1517 1486 1802 1534 praedefinita,

155 1540 318 1580 etiamfi
334 1541 544 1580 distantiae
561 1541 616 1580 ab
632 1541 717 1579 illis
734 1541 987 1584 obseruatae,
1009 1541 1107 1579 satis
1125 1552 1330 1588 congruae
1347 1540 1524 1583 fuissent,
1547 1552 1634 1588 qua
1655 1546 1802 1578 tamen

154 1596 200 1633 in
214 1599 336 1643 parte
352 1606 445 1633 non
459 1606 619 1643 parum
635 1594 911 1633 defideratur.

206 1648 461 1687 Posthabitis
481 1650 610 1697 igitur
630 1648 770 1696 deuijs
793 1648 830 1686 8(
851 1648 1021 1686 dissonis
1038 1659 1193 1686 verum
1214 1647 1252 1685 8(
1274 1646 1474 1686 exadlum
1491 1647 1634 1689 Stellae
1656 1647 1802 1685 locum

154 1713 181 1740 a
195 1701 322 1741 nobis
337 1701 534 1750 superius
550 1701 838 1740 multifariam
855 1702 1201 1749 comprobatum,
1224 1703 1298 1748 qui
1315 1703 1446 1739 etiam
1462 1700 1536 1739 fibi
1552 1700 1627 1748 ipfi
1643 1701 1802 1747 vbique

154 1757 351 1804 apprime
368 1756 586 1794 consonus
602 1755 670 1800 est,
687 1767 766 1804 pro
783 1761 877 1794 rato
890 1755 928 1793 8(
940 1755 1184 1793 indubitato
1198 1754 1493 1797 retinebimus,
1511 1756 1569 1792 ita
1581 1760 1623 1792 vt
1636 1754 1801 1802 Longit.

154 1808 299 1848 Stellae
317 1809 374 1848 ad
389 1809 432 1848 P.
449 1810 486 1848 6.
505 1808 594 1857 l.54
615 1811 673 1854 ⁸0²,
695 1821 796 1848 cum
815 1809 938 1847 Latit.
957 1809 999 1846 P.
1017 1809 1079 1847 53.
1099 1807 1123 1856 l.
1141 1809 1191 1846 45
1209 1808 1254 1845 B.
1272 1813 1521 1855 reponatur.
1542 1807 1802 1845 Ascenfione

154 1861 284 1902 Recta
298 1862 402 1901 hinc
417 1864 708 1911 proueniente
724 1863 767 1900 P.
784 1862 820 1900 Ο.
840 1861 865 1910 l.
882 1862 945 1905 26,
968 1862 1006 1900 8(
1028 1862 1148 1900 Decl.
1167 1862 1209 1899 P.
1227 1862 1280 1899 61.
1300 1860 1325 1909 l.
1343 1862 1392 1899 47
1409 1860 1509 1898 fere.
1533 1860 1736 1908 Coelique
1757 1863 1801 1898 in

154 1915 361 1964 Ecliptica
376 1916 692 1955 culminatione
709 1918 755 1954 in
771 1916 813 1954 P.
826 1916 862 1954 O.
878 1914 902 1963 l.
915 1916 966 1954 29
984 1921 1026 1955 V
1044 1915 1327 1958 coincidente,
1345 1920 1472 1962 prout
1489 1920 1619 1952 antea
1635 1926 1662 1952 a
1678 1914 1802 1952 nobis

153 1971 199 2008 in
215 1970 406 2008 eundem
421 1970 606 2009 modum
622 1970 718 2008 sunt
735 1969 937 2017 exposita.
956 1969 1158 2016 Haecque
1171 1974 1293 2006 erant
1305 1979 1405 2015 quae
1418 1967 1500 2005 hoc
1515 1967 1668 2015 Capite
1681 1969 1802 2005 inue-

153 2022 357 2072 stiganda‚
374 2023 799 2071 demonstrandaque
816 2022 1134 2070 proposuimus.

206 2076 442 2116 Sciendum
458 2083 607 2116 autem
624 2078 772 2115 locum
785 2076 931 2115 Stellae
946 2078 991 2113 in
1005 2076 1123 2113 hunc
1140 2075 1322 2113 modum
1339 2074 1618 2122 defignatum,
1636 2073 1707 2112 etsi
1724 2075 1750 2111 a

259 2130 483 2179 superficie
503 2130 653 2169 Terrae
674 2130 867 2178 prodeat,
889 2136 1038 2167 tamen
1059 2129 1250 2166 eundem
1271 2129 1347 2166 esse
1369 2140 1469 2166 cum
1491 2139 1555 2170 eo,
1578 2130 1653 2175 qui
1675 2139 1696 2164 e

313 2184 477 2223 Centro
503 2185 732 2233 egreditur,
759 2195 859 2221 cum
885 2183 1008 2221 nulla
1033 2182 1162 2220 fuerit
1187 2182 1270 2220 loci
1296 2183 1387 2219 veri
1412 2187 1543 2228 atque
1569 2180 1643 2218 vifi

366 2237 624 2281 differentia,
639 2244 682 2275 vt
699 2237 813 2276 hanc
825 2236 1001 2275 sollicite
1015 2238 1248 2283 inquirere,
1266 2247 1357 2273 non
1369 2234 1414 2272 fit
1426 2246 1590 2282 operae-

419 2293 629 2339 precium,
654 2290 1032 2339 quemadmodum
1056 2301 1109 2327 ex
1132 2291 1196 2337 ijs,
1221 2300 1321 2336 quae
1344 2288 1537 2336 sequenti

536 2344 692 2393 Capite
709 2343 1131 2446 demonstrabuntfiir,
1149 2341 1425 2381 manifestum

879 2397 1048 2435 euadet.

261 2564 311 2590 ⁴7·
1611 2551 1802 2590 CAPVT
