2326 3277
442 246 466 284 8
814 237 1268 279 ASTRONOMIAE
1288 235 1711 275 INSTAURATAE

538 346 1170 418 ADMONITIO
1203 346 1354 412 AD
1391 343 1982 412 LECTOREM.
2117 375 2157 406 ⁵r

535 446 949 488 ONSTITUERAT
972 446 1134 484 Parens
1157 444 1308 489 noster,
1334 442 1468 482 ledtor
1493 443 1690 487 candide,
1715 443 1909 490 paucula
1930 445 1976 481 in
2000 443 2086 482 hoc

547 503 771 540 volumine
788 501 840 538 de
852 500 1142 538 Astronomiae
1159 499 1364 546 dignitate
1381 497 1419 535 &
1435 496 1526 541 usu,
1542 502 1637 535 tum
1653 507 1830 544 quoque
1848 496 2006 544 Operis
2020 498 2084 535 in·

437 558 576 595 stituto
599 554 785 603 praefari.
813 554 978 591 Verum
1001 564 1101 590 cum
1123 551 1302 590 schedas
1325 551 1538 588 duntaxat
1559 547 1834 597 imperfectas
1856 551 2085 589 memoriae

438 610 575 648 caussa
595 608 853 655 conscriptas
874 606 1000 644 nobis
1021 605 1258 652 reliquerit:
1284 610 1414 651 atque
1437 603 1555 641 idem
1575 608 1886 651 argumentum
1905 614 1933 642 a
1951 605 2086 642 variis
2123 611 2139 637 ⁵

437 665 555 701 varie
578 661 837 708 iampridem
860 662 1070 708 agitatum
1092 658 1149 701 sit,
1173 657 1299 695 nobis
1322 656 1412 704 ipso
1435 654 1639 695 defuncto
1659 655 1731 694 vel
1751 658 1988 694 minimum
2010 656 2084 695 ad-

437 717 537 754 dere
558 715 707 762 religio
728 713 822 757 fuit;
843 712 1080 760 praesertim
1101 723 1201 749 cum
1221 711 1319 749 libri
1340 709 1557 748 conclusio
1577 711 1671 757 ejus
1688 714 1893 748 contenta
1908 709 2084 748 abunde

436 768 688 816 suppeditet:
713 766 796 805 hoc
816 766 966 804 saltem
986 764 1299 803 inculcandum
1319 765 1412 807 rati,
1434 769 1480 801 ut
1500 762 1712 810 siquidem
1731 762 1840 801 liber
1859 762 1930 801 hic
1950 764 2084 812 varijs

436 821 703 869 temporibus
721 822 844 858 varia
863 818 1084 866 sumpserit
1104 820 1385 861 incrementa,
1407 828 1457 854 ac
1477 816 1657 854 subinde
1677 817 1846 863 priores
1863 817 2084 864 cogitatio-

437 886 514 913 nes
526 887 552 913 a
562 874 866 922 posterioribus
881 872 1113 910 luculentis
1129 873 1316 908 inventis
1332 869 1551 908 illustratae
1563 869 1653 913 fint,
1670 869 1960 917 appendicem
1970 871 2085 908 circa
2124 876 2156 902 ιο

437 928 593 975 Operis
609 927 772 965 calcem
789 924 1006 973 adjedtum
1021 925 1096 963 tibi
1113 923 1428 962 consulendum
1445 923 1534 967 esse,
1555 928 1796 970 antequam
1811 922 1867 961 ad
1882 922 1980 961 libri
2000 922 2083 961 lec-

435 983 599 1019 tionem
620 980 846 1018 accesseriS.
869 978 1001 1025 Quod
1017 978 1116 1016 ideo
1132 988 1379 1021 monemus,
1401 987 1456 1014 ne
1473 975 1502 1013 fi
1518 978 1629 1014 inter
1644 975 1892 1024 legendum,
1913 987 1966 1014 ea
1981 987 2084 1024 (1118

435 1032 724 1081 perfunctorie
740 1032 914 1079 sparsim
931 1030 1042 1070 dicta
1057 1031 1163 1074 sunt,
1186 1042 1212 1068 a
1232 1029 1550 1077 posterioribus,
1571 1029 1647 1067 ubi
1663 1029 1716 1067 de
1732 1029 1817 1067 ilh's
1834 1040 1888 1067 ex
1903 1028 2084 1077 professo

435 1089 586 1134 agitur,
608 1092 808 1124 accurate
824 1085 1042 1133 pensitatis
1057 1084 1166 1122 haut
1181 1083 1433 1127 distinxeriS,
1454 1093 1636 1130 operam
1651 1088 1692 1120 te
1708 1082 1840 1120 lufisse
1856 1081 2082 1121 existimes.

1048 1137 1157 1175 Vale
1175 1136 1212 1174 &
1228 1136 1297 1174 his
1312 1135 1468 1174 fruere.
2124 1143 2155 1169 ι5

439 1238 927 1305 DIPLOMA
960 1235 1555 1304 CAESAREVM
1587 1234 2080 1304 TYCHONI
2115 1266 2158 1298 ⁵-

678 1331 913 1375 BRAHE
936 1329 1364 1375 CLEMENTER
1387 1328 1836 1374 CONCESSUM.

518 1408 836 1448 VDOLPHVS
859 1407 1182 1451 SECVNDVS,
1206 1407 1421 1445 DIVINA
1443 1406 1617 1445 favente
1640 1406 1884 1451 clementia,
1910 1405 2082 1446 Electus

541 1464 843 1501 Romanorum
866 1462 1119 1509 Imperator,
1142 1460 1310 1508 semper
1329 1460 1561 1508 Augustus,
1585 1471 1635 1499 ac
1657 1459 1928 1504 Germaniae,
1951 1459 2081 1498 Hun-
2119 1467 2154 1493 2⁰

433 1519 577 1565 gariae.
595 1516 834 1559 Bohemiae,
850 1515 1100 1558 Dalmatiae,
1113 1513 1319 1558 Croatiae,
1334 1513 1627 1558 Schlavoniae,
1644 1513 1719 1551 &c.
1733 1513 1836 1558 Rex,
1852 1512 2082 1552 Archidux

433 1570 628 1613 Austriae,
646 1570 751 1607 Dux
767 1568 1047 1616 Burgundiae‚
1064 1568 1218 1611 Stiriae‚
1231 1567 1489 1611 Carinthiae,
1502 1566 2082 1615 Carniolae,Wirtembergae

433 1623 506 1661 &c.
530 1623 692 1662 Comes
711 1622 870 1660 Tirolis
891 1621 964 1659 &c.
989 1621 1274 1664 STRENVO,
1297 1620 1458 1659 s1ncere
1482 1621 1608 1659 nobis
1628 1619 1783 1659 dilecto
1803 1619 2082 1659 TYCHONI

433 1676 634 1714 BRAHE
651 1676 797 1719 Dano,
819 1676 1016 1713 Domino
1033 1675 1085 1713 de
1102 1674 1365 1722 Knudstrup,
1387 1673 1591 1712 Gratiam
1611 1673 1801 1712 nostram
1818 1673 2081 1713 Caesaream.

485 1729 616 1768 CVM
633 1732 744 1767 inter
760 1729 859 1772 alia,
876 1740 977 1776 (1118
993 1734 1242 1776 praepotens
1254 1727 1406 1766 DEVS
1417 1727 1652 1765 hominum
1663 1729 1812 1775 generi
1822 1726 2082 1775 multiplicia
2119 1733 2153 1760 2⁵

432 1783 546 1821 dedit
559 1783 688 1825 dona,
700 1782 877 1820 illustria
889 1783 1088 1829 inprimis
1099 1781 1175 1820 illa
1186 1781 1276 1825 sint,
1289 1792 1390 1828 (1118
1402 1783 1448 1818 111
1458 1782 1633 1819 Artium
1645 1780 1873 1818 confiftunt
1884 1791 1936 1819 ac
1947 1779 2082 1819 Disci-

431 1836 652 1884 plinarum
669 1838 931 1884 cognitione:
950 1835 1065 1873 Inter
1076 1836 1204 1872 Artes
1220 1841 1370 1872 autem
1381 1845 1431 1872 ac
1444 1833 1718 1881 Disciplinas‚
1735 1836 1794 1872 vti
1809 1835 2081 1882 antiquitate,

431 1892 490 1928 ita
507 1889 556 1933 &,
578 1901 678 1937 quae
695 1890 876 1927 homine
893 1889 1023 1936 digna
1039 1888 1096 1932 sit,
1118 1888 1353 1936 voluptate,
1375 1889 1552 1935 primas,
1573 1887 1754 1926 vtilitate
1770 1898 1876 1926 vero
1896 1898 1989 1926 11011
2005 1898 2081 1935 po-

430 1942 619 1987 stremas,
641 1955 705 1981 eae
721 1948 910 1986 teneant,
932 1953 1032 1989 quae
1049 1941 1296 1980 mirabilem
1313 1941 1498 1979 Naturae
1514 1940 1809 1985 harmoniam,
1829 1952 1918 1989 qua
1933 1952 2082 1979 rerum

431 1999 631 2034 omnium
643 2003 888 2034 creatarum
898 2006 1130 2043 compages
1142 2006 1192 2033 ac
1204 1994 1424 2038 machina,
1437 1996 1482 2032 in
1492 1994 1727 2032 hominum
1735 1993 1833 2032 vsus
1843 1992 2082 2033 construfla
2118 2000 2154 2028 ³0

431 2049 744 2096 constitutaque
761 2049 963 2092 cohaeret,
985 2048 1304 2096 perscrutentur
1321 2047 1358 2085 &
1375 2047 1612 2092 observent,
1635 2059 1824 2095 quaeque
1845 2058 2082 2096 corporum

432 2102 684 2141 Coelestium
702 2102 866 2144 Motus.
888 2108 1178 2149 motuumque
1196 2101 1441 2144 Momenta.
1463 2101 1577 2139 vnde
1596 2100 1874 2139 inferioribus
1890 2102 2080 2149 corpori-

431 2156 511 2194 bus
527 2158 652 2198 vires.
669 2158 790 2203 vigor
806 2162 936 2202 atque
953 2156 1074 2197 ordo.
1091 2157 1339 2197 metiantur.
1357 2157 1565 2193 trutinent
1580 2166 1630 2193 ac
1644 2154 1838 2202 pensent:
1856 2154 1906 2192 In
1922 2154 2081 2202 quibus

431 2211 630 2256 primaevi
647 2209 707 2246 illi
725 2209 897 2246 Heroes
914 2221 939 2246 a
956 2210 1106 2255 primis
1123 2208 1260 2246 statim
1277 2208 1438 2246 Mundi
1455 2208 1746 2251 incunabulis,
1763 2207 1837 2246 fibi
1851 2209 1976 2246 vnice
1993 2207 2079 2246 ela·

431 2263 677 2300 borandum
699 2263 916 2300 duxerint:
940 2262 1047 2299 Rem
1067 2261 1167 2300 sane
1189 2261 1228 2299 se
1250 2262 1441 2309 dignam.
1464 2261 1501 2298 81
1522 2262 1577 2300 ad
1599 2261 1948 2300 conservandum
1967 2261 2080 2300 adeo
2117 2268 2151 2294 ³⁵

430 2315 663 2362 pretiosum
677 2315 877 2353 Scientiae
885 2314 1170 2356 Thesaurum.
1181 2315 1329 2352 vtilem
1342 2321 1472 2361 atque
1485 2321 1781 2362 opportunam
1793 2314 1854 2352 illi
1865 2313 2080 2362 praestant.

432 2371 506 2416 qui
528 2371 572 2405 in
594 2368 842 2416 hujusmodi
859 2369 1038 2406 Artibus
1059 2368 1309 2415 diligentem
1331 2379 1512 2415 operam
1528 2379 1578 2406 ac
1595 2367 1781 2406 studium
1801 2367 1989 2406 indefessi
2004 2378 2080 2415 po·

431 2428 552 2459 nunt.
571 2421 695 2468 Quos
712 2424 897 2459 excitare
915 2428 1045 2468 atque
1062 2423 1273 2462 animare.
1290 2421 1345 2458 ad
1363 2421 1661 2468 Imperatoriae
1674 2421 1892 2469 dignitatis
1903 2432 2079 2465 munus.

430 2475 484 2512 ad
507 2475 623 2522 quod
646 2475 810 2512 Divino
832 2476 1024 2512 concessu
1046 2486 1126 2512 nos
1148 2476 1289 2512 vocati
1311 2473 1470 2515 sumus.
1494 2486 1628 2521 quam
1649 2477 1842 2513 maxime
1863 2476 2079 2522 pertinere

431 2528 735 2566 existimamus.
760 2527 981 2566 EDOCTI
999 2530 1145 2575 itaque
1162 2527 1246 2565 fide
1264 2528 1407 2575 dign0.
1430 2527 1467 2564 &
1489 2528 1667 2574 quidem
1684 2539 1852 2570 eorum.
1873 2530 1949 2575 qui
1965 2527 2079 2576 judi·
2117 2535 2152 2561 ⁴⁰

1980 2591 2079 2619 care

2297 1418 2315 1618 ‘'alt-”-
2303 1320 2317 1402 --,·-<⁴
2307 1256 2313 1286 ι,
