2164 3246
409 211 1069 252 PROGYMNASMATUM
1090 215 1293 254 PRIMA
1315 217 1465 256 PARS
1696 222 1763 259 145

35 364 93 396 133
439 353 520 392 DE
540 354 989 395 PARALLAXIBVS
1010 357 1444 398 ENVCLEANDIS.

191 424 600 465 UBTRAHATUR
621 424 834 473 punctum
853 426 1072 474 Eclipticae
1089 428 1351 467 descendens
1368 442 1394 468 a
1410 442 1514 468 vero
1530 431 1627 469 loco
1648 434 1706 476 Θ,
1726 432 1763 470 8(

209 478 452 517 remanebit
473 480 519 516 in
538 480 674 526 priori
694 478 957 527 figuratione
978 480 1091 519 latus
1107 481 1188 520 TC
1205 482 1266 520 36.
1285 483 1327 520 P.
1345 484 1407 521 44.
1427 482 1452 531 l.
1469 484 1531 521 42.
1551 483 1593 532 ll.
1612 487 1656 522 in
1672 485 1763 523 Tri-

116 532 278 582 angulo
289 531 425 570 THC
437 531 493 570 ad
506 532 552 569 H
564 530 830 580 redtangulo.
849 533 965 571 Cum
982 536 1128 582 itaque
1145 535 1302 573 dentur
1318 538 1363 574 in
1380 536 1463 574 hoc
1475 537 1587 575 latus
1600 537 1763 576 rectum

64 601 80 627 ⁵
115 585 387 630 subtendens,
405 585 443 623 &
458 584 549 623 TH
565 584 749 624 altitudo
769 588 812 630 Θ
833 586 886 624 12.
899 587 942 625 P.
959 588 1021 625 55.
1037 586 1061 635 s.
1074 588 1137 626 47.
1152 586 1195 635 ll.
1212 590 1447 627 innotescet
1462 601 1538 637 per
1553 591 1762 639 Triangu-

115 640 260 679 lorum
275 639 481 687 dogmata
499 638 689 687 angulus
706 639 853 683 HTC,
875 651 1008 687 quem
1029 643 1239 679 nimirum
1255 643 1470 680 verticalis
1487 644 1574 681 BH
1591 646 1636 681 in
1653 643 1763 682 dicto

115 693 212 732 loco
227 703 329 731 cum
343 691 544 740 [ignifero
560 691 776 730 constituit
792 693 854 731 72.
872 693 915 731 Ρ.
932 694 968 731 5.
985 692 1010 741 l.
1028 694 1090 732 30.
1108 692 1151 742 ll.
1169 695 1351 733 Invento
1368 695 1451 733 hoc
1468 697 1629 744 angulo
1647 709 1763 744 quae-

115 751 234 786 ratur
253 745 492 794 parallaxis
512 747 556 790 Θ
575 747 622 783 in
638 745 801 784 circulo
818 746 1060 785 altitudinis
1076 759 1130 785 ex
1145 748 1295 786 tabula
1311 749 1453 787 nostra
1469 750 1764 788 Parallaxium

115 811 206 848 cap.
219 800 234 838 1
245 798 318 837 fol.
330 798 382 838 80
393 810 494 847 quae
507 798 562 837 est
573 798 609 837 3.
624 797 650 847 l.
662 799 699 837 2.
714 797 757 847 ll.
775 799 858 837 Pro
871 799 1090 838 Parallaxi
1101 806 1250 839 autem
1267 803 1296 847 (ζ
1316 803 1510 840 eruenda
1523 805 1568 840 in
1583 806 1702 841 omni
1718 802 1761 852 (ξ)

50 866 81 893 10
116 852 155 892 8(
170 855 205 897 0‘
220 852 415 891 sumatur
430 852 545 891 latus
557 852 860 900 Elongatiom‘s
873 855 902 899 (ζ
916 865 943 891 a
955 853 1132 898 Centro,
1150 855 1369 902 quodiam
1381 855 1435 893 est
1447 856 1597 899 102891,
1614 868 1692 904 pro
1705 857 1764 894 di-

115 906 268 946 stantia
279 917 308 944 a
319 905 469 950 Terra,
486 917 587 953 quae
603 905 856 951 resolvatur,
873 912 920 944 ut
935 906 1076 954 supra,
1093 908 1168 945 ubi
1184 908 1237 945 de
1253 908 1468 955 parallaxi
1485 911 1663 956 egimus,
1681 910 1764 948 dic-

115 965 208 999 tum
223 959 291 1005 est,
307 960 354 997 in
368 959 726 1004 semidiametros‚
744 959 783 997 8(
798 963 1000 1007 provenit
1016 960 1230 999 Distantia
1246 963 1275 1007 (ζ
1295 973 1321 999 a
1336 961 1471 1000 Terra
1487 963 1548 1000 58.
1563 962 1675 1001 Sem.
1688 963 1723 1001 8.
1738 962 1763 1011 l.

116 1025 216 1052 cum
227 1024 316 1061 qua
327 1024 382 1051 ex
391 1012 543 1051 tabula
554 1012 698 1051 nostra
708 1013 1016 1061 parallaxium‚
1027 1014 1222 1053 adhibita
1232 1014 1498 1053 correctione
1510 1027 1585 1063 per
1597 1023 1763 1063 partem

115 1065 489 1115 proportionalem
498 1066 740 1104 Parauaxis
753 1068 782 1112 (ζ
796 1066 852 1105 ad
862 1066 1130 1105 confimilem
1139 1068 1426 1112 altitudinem,
1437 1080 1571 1116 quam
1582 1071 1624 1114 Θ
1635 1069 1764 1108 habet

51 1134 80 1160 1⁵
117 1120 277 1168 (neque
293 1121 413 1158 enim
428 1118 676 1158 differentia
687 1131 823 1168 quam
835 1120 963 1158 Luna
978 1120 1171 1169 suggerit,
1189 1122 1354 1169 aliquid
1371 1123 1600 1160 evidentiae
1617 1122 1763 1169 habet)

115 1175 162 1212 in
176 1172 355 1212 Circulo
370 1172 642 1218 Altitudinis‚
658 1175 881 1212 invenitur
896 1174 959 1212 57.
979 1172 1004 1222 l.
1022 1175 1084 1212 52.
1103 1173 1146 1222 ll.
1168 1176 1209 1212 A
1226 1176 1314 1222 qua
1329 1175 1604 1213 subtrahatur
1621 1176 1763 1214 Paral-

115 1227 225 1266 laxis
247 1228 308 1272 Θ,
329 1225 368 1264 8(
387 1226 608 1265 resultabit
625 1227 867 1265 Parallaxis
888 1227 1128 1266 altitudinis
1470 1250 1495 1275 Η

117 1281 147 1326 ))
166 1280 223 1319 ad
245 1279 357 1325 Olem
377 1280 440 1319 54.
459 1278 485 1328 l.
502 1280 566 1319 50.
585 1278 597 1328 Ι
602 1278 628 1329 l.
652 1280 736 1318 Pro
757 1281 1003 1319 dirimenda
1023 1293 1127 1319 vero

115 1333 199 1373 hac
208 1333 429 1372 Parallaxi
439 1335 486 1371 in
497 1333 681 1382 longum
692 1333 731 1372 8(
742 1333 893 1379 latum,
911 1336 1127 1382 concipia-

47 1399 81 1427 κο
115 1392 184 1426 tur
193 1389 240 1425 in
250 1386 335 1425 hoc
345 1387 484 1426 altero
494 1387 711 1426 schemate
722 1387 1001 1426 Meridianus
1011 1388 1127 1431 RIH,
1678 1375 1689 1399 ¹

115 1440 323 1489 Ecliptiea
333 1440 437 1479 IKP
448 1443 574 1479 cuius
584 1441 714 1489 polus
726 1441 782 1479 G.
795 1441 1023 1480 Verticalis
1035 1443 1127 1489 qui-

115 1493 218 1533 dam
232 1494 498 1543 intelligatur
513 1494 621 1541 HQ,
640 1496 687 1532 in
703 1506 792 1542 quo
810 1496 839 1540 ((
858 1494 904 1532 fit
919 1497 965 1532 in
981 1495 1033 1539 K,
1050 1495 1127 1533 Pa·
1582 1494 1599 1517 <
1726 1492 1758 1522 R

115 1547 293 1587 rallaxis
315 1548 345 1593 ))
366 1548 423 1586 ad
446 1550 490 1593 Θ
514 1549 560 1586 in
581 1548 738 1586 eodem
755 1548 918 1586 circulo
934 1548 1128 1586 verticali
1317 1507 1600 1609 ἠδ

115 1600 162 1640 fit
176 1601 286 1640 KM.
308 1601 359 1640 Et
375 1613 429 1640 ex
446 1601 489 1640 G
504 1601 612 1640 Polo
628 1601 849 1649 Eclipticae
868 1601 1129 1640 descendant
1592 1594 1615 1625 9

48 1667 82 1693 25
116 1654 204 1693 duo
225 1654 374 1693 circuli
393 1656 578 1693 maximi
598 1666 675 1703 per
695 1655 736 1693 K
753 1655 791 1693 8(
807 1655 858 1693 Μ
879 1654 1042 1703 ρυῃόὶει
1057 1655 1360 1693 constituentes
1382 1650 1494 1698 Aluffi
1512 1654 1660 1692 KGM
1677 1666 1763 1692 rec-

115 1707 344 1757 tangulum
359 1708 415 1746 ad
433 1708 485 1747 Ο.
503 1708 553 1746 In
569 1720 659 1756 quo
675 1714 833 1756 praeter
849 1707 1015 1747 rectum
1031 1714 1160 1746 notus
1178 1708 1232 1746 est
1246 1708 1432 1756 angulus
1445 1707 1589 1746 MKO
1603 1719 1628 1745 a
1640 1710 1764 1745 verti-

116 1761 199 1800 cali
209 1761 248 1800 &
258 1761 467 1810 Ecliptiea
482 1760 634 1806 factus,
651 1761 690 1800 8(
706 1764 752 1800 in
768 1762 1041 1800 antecedenti
1057 1762 1272 1800 schemate
1284 1764 1487 1799 inventus
1500 1760 1633 1799 HTC
1645 1761 1707 1798 72.
1722 1761 1763 1797 P.

116 1815 152 1854 5.
165 1812 192 1863 Ι.
207 1815 271 1854 30.
285 1813 328 1864 ΙΙ.
345 1816 434 1853 vna
450 1827 552 1854 cum
566 1815 702 1854 latere
719 1815 816 1853 KM
833 1816 1049 1863 parallaxi
1066 1815 1305 1853 altitudinis
1325 1816 1352 1859 D
1370 1827 1395 1852 a
1415 1816 1473 1858 Θ.
1494 1813 1763 1851 Innotescent

116 1869 243 1917 igitur
257 1868 428 1916 reliqua
443 1868 468 1907 2
483 1869 622 1907 latera
638 1868 804 1908 rectum
820 1869 1089 1907 includentia
1101 1869 1200 1911 ΚΟ,
1218 1868 1335 1915 quod
1352 1868 1502 1915 pandit
1518 1867 1763 1914 parallaxin

47 1933 82 1960 30
115 1921 398 1970 longitudinis
417 1924 446 1968 c(
467 1923 523 1961 ad
547 1924 591 1968 Θ
615 1922 670 1961 16.
689 1921 714 1971 l.
731 1923 795 1961 52.
815 1921 857 1971 ll.
881 1929 920 1960 et
939 1922 1038 1961 ΜΟ
1057 1922 1304 1969 parallaxin
1325 1921 1576 1962 latitudinis,
1598 1932 1698 1967 quae
1720 1922 1763 1957 in

116 1974 198 2014 hac
212 1978 458 2024 pragmatia
473 1987 554 2014 nec
569 1976 677 2014 dum
688 1975 812 2014 vsum
828 1976 971 2014 habet.
989 1975 1229 2014 Parallaxis
1245 1974 1528 2022 longitudinis
1544 1985 1647 2011 mox
1660 1974 1764 2011 divi-

61 2031 81 2063 ·l·
116 2028 243 2067 datur
257 2030 304 2067 in
318 2040 475 2067 verum
490 2035 662 2068 motum
678 2029 908 2068 horarium
925 2031 953 2075 (ζ
976 2031 1035 2074 Θ,
1053 2031 1128 2076 qui
1145 2028 1199 2066 est
1215 2034 1258 2065 vt
1275 2040 1327 2066 ex
1344 2027 1492 2065 tabula
1508 2027 1641 2074 liquet
1658 2027 1719 2064 27.
1740 2025 1763 2072 l.

117 2081 170 2120 12.
195 2080 251 2131 ll„
277 2082 316 2121 8(
339 2083 529 2130 prodibit
551 2083 838 2121 Intervallum
861 2084 1090 2121 assumtum
1113 2084 1224 2119 inter
1247 2093 1400 2119 ueram
1424 2086 1462 2118 et
1486 2080 1697 2118 uifibilem
1724 2083 1757 2121 ό

117 2134 179 2174 37.
203 2133 230 2184 l.
253 2136 307 2174 12.
332 2134 376 2184 ll.
403 2136 536 2183 Quod
561 2137 748 2175 addatur
771 2136 978 2183 Tempori
1004 2147 1123 2173 uerae
1153 2138 1187 2178 0‘
1200 2166 1207 2179 ,
1234 2134 1444 2182 fiquidem
1469 2133 1564 2171 haec
1590 2132 1695 2170 fiant
1721 2135 1765 2170 in

49 2199 82 2226 ³⁵
118 2187 373 2236 Quadrante
392 2189 626 2238 Eclypticae
644 2189 929 2233 Occidentali,
951 2189 989 2227 8(
1009 2188 1196 2236 profiliet
1211 2188 1406 2235 Tempus
1426 2187 1682 2225 aestimatum
1704 2187 1765 2223 ui-

62 2243 83 2276 ·1·
117 2240 245 2281 fibilis
264 2245 299 2286 0‘
318 2243 377 2281 H.
394 2243 431 2281 2.
450 2241 475 2291 l.
492 2243 556 2281 24.
575 2241 618 2291 ll.
636 2243 699 2281 22.
716 2243 836 2281 P.M.

169 2295 241 2334 Ad
255 2295 340 2335 hoc
350 2296 545 2345 Tempus
558 2297 714 2335 eadem
725 2296 898 2344 prorsus
911 2296 1115 2343 indagine
1129 2300 1351 2342 quaeratur
1363 2293 1602 2331 Parallaxis
1617 2291 1766 2330 utrius-

119 2359 204 2396 que
215 2349 479 2394 Luminaris,
496 2355 542 2388 ut
559 2356 690 2388 antea
705 2348 869 2388 factum
886 2349 953 2387 est.
972 2349 1090 2387 Nam
1107 2351 1152 2386 in
1168 2350 1310 2396 primo
1327 2347 1541 2385 schemate
1555 2347 1680 2383 datur
1692 2357 1765 2382 an-

118 2401 245 2450 gulus
256 2403 378 2441 BAT
388 2403 452 2442 35.
465 2404 508 2442 P.
521 2404 558 2442 7.
573 2402 598 2451 l.
611 2404 674 2442 45.
689 2402 732 2451 ll.
748 2415 839 2441 una
855 2414 956 2441 cum
972 2402 1179 2440 lateribus
1192 2402 1273 2439 ΒΑ
1286 2400 1607 2447 complemento
1624 2399 1766 2436 eleua—

50 2465 84 2492 40
119 2456 249 2494 tionis
269 2456 373 2505 poli,
397 2456 436 2495 &
456 2456 536 2495 AT
559 2457 852 2495 declinatione
879 2458 937 2501 Θ.
963 2456 1132 2493 Notum
1156 2457 1282 2502 igitur
1305 2453 1377 2491 fiet
1400 2454 1512 2490 latus
1537 2452 1619 2493 BT.
1645 2453 1766 2498 quus

119 2509 493 2597 complementum
508 2510 598 2548 TH
615 2510 671 2548 est
686 2510 886 2548 Altitudo
906 2511 949 2554 Θ
969 2509 1096 2556 supra
1114 2509 1405 2546 Horizontem
1423 2506 1475 2543 10.
1492 2504 1625 2596 113?ch
1623 2503 1765 2594 .n3[sl)(.)4lli

0 3199 20 3246 ιῑ
