2164 3246
53 591 112 623 411

73 810 103 836 10

71 1078 101 1104 15

63 1613 97 1638 25

45 2034 109 2067 412

62 2147 96 2174 35

386 210 1045 249 PROGYMNASMATUM
1067 210 1375 250 SECUNDA
1398 214 1548 252 PARS
1724 215 1791 254 381

142 316 319 355 diuerfis
331 316 696 355 Obseruatoribus
712 323 863 356 notata
879 317 936 361 fit,
955 320 1044 356 imo
1061 330 1116 356 ne
1134 319 1311 366 quidem
1329 322 1373 358 in
1385 333 1473 359 vno
1490 321 1599 365 loco,
1618 322 1791 361 eodem-

142 382 227 418 que
251 375 448 418 tempore
471 371 497 407 a
519 370 719 418 pluribus
743 371 911 419 semper
937 372 1104 410 eadem.
1131 372 1322 411 Mutatio
1348 379 1496 412 tamen
1522 376 1791 420 vniuersalis,

141 435 242 471 quae
254 425 368 462 circa
380 423 554 462 Coloris
566 423 834 463 differentias
847 427 1034 473 contigit,
1048 437 1073 464 a
1086 426 1212 464 nobis
1226 428 1508 466 antecedente
1521 428 1629 476 Cap.
1643 429 1791 468 sedulo

142 477 196 516 est
217 477 424 521 indicata;
449 477 598 524 Quam
620 480 752 516 etiam
773 490 864 517 non
884 479 1219 518 tumultuariam
1240 486 1314 518 aut
1336 481 1560 520 confusam
1583 482 1791 526 exhibuit,

141 530 211 569 sed
227 530 450 569 successiue
467 542 546 578 pro
563 533 733 569 ratione
749 538 931 570 mutatae
947 534 1261 580 magnitudinis
1283 533 1397 572 hanc
1414 535 1637 579 alterabat,
1660 537 1791 584 idque

140 584 261 623 tarde
277 595 357 622 nec
373 584 451 622 nifi
467 585 609 622 multo
630 584 854 624 interiecto
869 583 1136 636 Tempo-ssre,
1158 587 1385 625 discrimen
1407 588 1489 626 hoc
1511 590 1789 628 animaduer-

139 643 228 676 tere
240 637 420 682 licuerit,
432 643 476 676 vt
488 640 621 676 etiam
632 639 967 678 inconstantiam
980 640 1176 687 aliquam
1189 641 1525 686 Elementarem,
1541 654 1640 690 quae
1653 643 1790 681 subito

139 693 284 729 varias
300 690 464 730 formas
480 697 611 739 atque
627 691 836 731 tincturas
848 695 1023 741 appetit,
1040 693 1142 731 huic
1155 693 1299 732 Stellae
1312 706 1403 732 non
1415 695 1591 740 infuisse,
1608 697 1677 734 vel
1689 698 1790 734 inde

139 744 315 792 liqueat.

193 797 318 836 Nihil
342 800 490 846 itaque
515 799 695 847 impedit
722 799 807 838 hoc
833 799 1118 838 Neotericum
1144 801 1272 839 Sidus
1302 804 1346 839 in
1377 801 1571 849 ipfissimo
1596 802 1788 846 AEthere.

139 851 339 899 adeoque
364 851 568 900 supremo
593 855 687 891 eius
712 852 889 901 fastigio,
920 866 1055 901 prope
1081 854 1230 892 Affixa
1256 855 1407 893 Sidera
1438 855 1640 899 effulfisse,
1671 858 1788 904 quod

138 906 487 954 magnitudinem
507 911 639 954 atque
661 906 854 945 colorem
872 907 1137 955 pedetentim
1154 908 1320 946 diuerse
1337 908 1566 947 ostenderit
1582 916 1787 949 extenua-

138 960 292 1007 ritque‚
308 959 449 998 donec
464 959 638 1007 prorsus
655 961 731 999 esse
748 960 927 999 deflerit.

191 1012 298 1057 Im0,
315 1012 458 1051 dicam
474 1013 686 1061 quiddam
702 1014 834 1058 aliud,
853 1015 971 1062 quod
987 1014 1082 1053 haec
1100 1015 1233 1053 Stella
1248 1015 1346 1063 alijs
1361 1016 1535 1054 Mundo
1552 1019 1715 1055 coaeuis
1732 1018 1786 1056 ab

137 1067 261 1104 initio
277 1065 495 1105 fimillima
510 1066 651 1111 fuerit,
673 1067 712 1105 &
733 1068 905 1106 Formae
923 1073 1054 1115 atque
1071 1068 1271 1106 Luminis
1287 1069 1544 1117 praefulgida
1561 1070 1785 1109 Maiestate

137 1131 238 1158 cum
257 1119 342 1158 illis
363 1121 546 1165 certarit,
569 1120 797 1169 plerasque
821 1123 952 1160 etiam
976 1123 1236 1169 exuperant,
1258 1128 1300 1160 vt
1322 1123 1486 1160 diceres
1507 1135 1606 1161 earn
1630 1124 1739 1162 nihil
1760 1126 1786 1162 a

135 1174 337 1221 genuinis
349 1173 491 1212 Stellis
503 1173 689 1219 differre,
706 1177 797 1213 imo
809 1174 877 1213 his
888 1175 1232 1223 praestantiorem
1246 1175 1379 1219 fuisse;
1397 1176 1685 1215 nihilominus
1697 1177 1785 1216 suc-

136 1226 286 1265 cessiue
302 1226 341 1265 &
357 1226 614 1274 Quantitate
631 1227 669 1266 &
686 1228 873 1266 Lumine
890 1231 1124 1267 imminuta
1140 1235 1241 1267 ante
1260 1229 1584 1277 sesquialterum
1601 1232 1785 1269 Annum

136 1281 163 1318 a
185 1282 329 1328 primo
355 1286 510 1319 exortu
536 1281 803 1329 disparuerit,
834 1282 888 1320 fic
918 1294 1095 1330 quoque
1122 1294 1275 1320 omnes
1301 1283 1492 1330 reliquas
1518 1283 1672 1322 Stellas
1697 1291 1785 1322 vtvt

135 1333 310 1372 Mundo
327 1345 516 1379 coaeuaS,
538 1335 738 1383 nullique
755 1336 969 1383 quamdiu
986 1338 1020 1374 is
1037 1336 1176 1380 durat,
1197 1339 1430 1374 mutationi
1447 1337 1673 1381 obnoxias,
1692 1344 1783 1376 tan-

135 1387 235 1425 dem
259 1387 527 1426 aduentante
550 1389 785 1427 vniuersali
807 1390 969 1428 Rerum
995 1390 1370 1428 consummatione
1398 1390 1457 1437 (vt
1482 1390 1609 1438 supra
1634 1394 1784 1438 paucis

133 1441 378 1488 innuimus)
402 1443 535 1480 etiam
558 1442 803 1481 dissolutum
826 1445 890 1487 iri,
915 1443 1010 1481 haec
1032 1446 1176 1490 potius
1197 1443 1517 1491 praefigurabat,
1539 1444 1576 1481 &
1599 1444 1717 1491 quasi
1739 1447 1783 1482 in

134 1494 336 1543 exemplo
357 1494 618 1540 ostendebat,
641 1508 776 1544 quam
797 1497 916 1544 quod
937 1496 1059 1534 illam
1080 1499 1125 1534 in
1145 1497 1274 1535 Coelo
1295 1497 1349 1535 ob
1371 1497 1413 1534 id
1435 1509 1525 1535 non
1546 1497 1661 1535 suisse
1684 1510 1783 1536 con-

133 1548 382 1593 tendamus;
409 1551 623 1597 quoniam
648 1549 804 1588 scilicet
826 1550 1065 1588 Aristotelis
1089 1550 1369 1598 Philosophia
1392 1551 1434 1588 id
1458 1552 1684 1589 admittere
1711 1563 1782 1589 ne—

133 1607 276 1649 queat,
293 1613 395 1640 cum
410 1601 507 1641 haec
523 1605 669 1650 potius
686 1604 787 1642 inde
804 1604 1059 1652 corrigenda
1071 1606 1250 1647 veniret,
1268 1615 1402 1651 quam
1419 1605 1536 1651 quod
1553 1604 1627 1642 illa
1640 1604 1782 1647 Coelo,

133 1660 208 1693 aut
227 1655 304 1704 ipfi
321 1655 482 1704 Opifici
501 1656 617 1705 leges
638 1657 913 1705 praescribere
935 1657 1105 1701 debeat;
1127 1659 1273 1705 Atque
1291 1657 1359 1695 vel
1376 1669 1428 1695 ex
1445 1657 1527 1696 hac
1546 1658 1635 1696 sola
1651 1658 1783 1697 Stella

133 1711 296 1754 omnia,
318 1721 419 1757 quae
436 1710 489 1748 de
506 1710 623 1749 Coeli
643 1716 802 1749 natura
823 1717 954 1759 atque
975 1713 1216 1749 aeternitate
1233 1711 1445 1759 Stagyrita
1466 1711 1536 1749 ille
1557 1717 1647 1749 tam
1664 1711 1781 1753 falso,

133 1773 268 1810 quam
283 1765 417 1811 impie
434 1763 614 1809 effinxit,
631 1764 915 1812 plurimisque
932 1767 990 1802 ita
1006 1764 1046 1803 se
1063 1765 1225 1802 habere
1241 1764 1455 1812 persuasit.
1475 1764 1647 1813 prorsus
1663 1767 1781 1803 irrita

134 1814 172 1854 &
187 1828 304 1855 vana
320 1817 409 1861 esse,
426 1819 716 1856 conuincitur.

186 1869 299 1908 Haec
314 1869 449 1916 fuere,
467 1883 568 1919 quae
585 1883 639 1910 ex
654 1872 847 1920 generali
864 1872 997 1909 huius
1014 1871 1159 1910 Stellae
1176 1871 1531 1913 consideratione,
1554 1872 1695 1918 qualis
1712 1873 1780 1910 vel

133 1921 222 1961 solo
233 1924 393 1962 intuitu
404 1923 558 1963 haberi
569 1931 751 1972 poterat,
763 1925 963 1963 videlicet
974 1925 1146 1969 Forma,
1164 1925 1363 1968 Lumine,
1377 1925 1551 1966 Colore,
1569 1925 1779 1964 Scintilla-

132 1977 263 2022 tione,
286 1977 608 2023 Immobilitate,
632 1984 763 2026 atque
787 1979 1113 2021 Perduratione,
1138 1981 1232 2016 eius
1253 1979 1471 2016 Naturam
1495 1984 1624 2025 atque
1648 1979 1779 2016 consi-

131 2028 328 2069 stentiam
337 2033 622 2079 nequaquam
633 2029 993 2082 Elemen-lltarem
1005 2032 1133 2076 fuisse,
1146 2032 1215 2070 sed
1227 2034 1272 2070 in
1284 2032 1373 2079 ipso
1384 2032 1577 2069 altissimo
1588 2032 1779 2074 AEthere,

131 2083 332 2132 adeoque
352 2084 481 2133 supra
501 2085 783 2124 Planetarum
806 2086 945 2124 Orbes
966 2087 1011 2123 in
1033 2085 1203 2124 Odtaua
1225 2086 1300 2132 (vti
1322 2086 1572 2131 numerant)
1597 2085 1779 2133 Sphaera

131 2135 250 2175 sedes
261 2137 335 2176 fibi
346 2138 597 2183 vendicasse,
610 2139 753 2178 latiori
766 2139 899 2177 modo
911 2139 1110 2183 astruere,
1124 2139 1474 2181 intendebamus;
1488 2138 1531 2176 Si
1543 2141 1640 2186 quis
1652 2139 1779 2186 speci-

131 2189 315 2229 aliorem
334 2192 557 2241 magisque
577 2192 776 2231 subtilem
797 2192 1216 2240 comprobationem.
1238 2199 1368 2240 atque
1386 2204 1408 2230 e
1426 2194 1549 2230 certis
1567 2192 1778 2231 Obserua-

130 2244 321 2283 tionibus
341 2248 496 2294 petitas
513 2246 817 2285 Geometricas
835 2245 1239 2284 Demonstrationes
1260 2248 1451 2293 requirit,
1473 2245 1695 2293 sequentia
1716 2248 1777 2283 in-

130 2297 356 2346 trospiciat,
373 2299 459 2338 illic
476 2299 553 2347 (vti
569 2299 708 2348 spero)
726 2302 815 2338 voti
832 2311 1012 2348 compos
1028 2298 1112 2337 fiet.

1602 2565 1774 2611 QUOD
