2248 3298
89 391 130 422 7⁸⁷

110 632 126 657 υἱ

96 898 127 924 10

95 1166 126 1192 15

92 1433 126 1460 20

94 2237 128 2264 35

95 2451 129 2531 δ-ι·

457 244 1120 286 PROGYMNASMATUM
1141 243 1346 281 PRIMA
1368 242 1520 281 PARS
1787 242 1818 279 11

166 356 850 425 PRIVILEGIVM
887 352 1187 422 REGIS
1222 352 1817 421 SCOTORVM.

210 461 446 501 ACOBVS
457 461 528 499 VI.
546 461 647 499 DEI
665 460 888 499 GRATIA
906 458 1021 497 REX
1037 457 1366 497 SCOTORVM
1384 456 1610 495 Generoso
1627 458 1722 494 viro
1736 456 1818 504 Ty-

232 515 365 554 choni
391 514 536 553 Brahe
562 515 616 552 D.
640 516 687 552 in
712 513 962 560 Knudstrup
985 512 1353 550 Astronomorum
1378 511 1512 558 hujus
1537 510 1667 548 seculi
1692 509 1818 548 facile

164 569 364 617 Principi.
386 568 691 606 Astronomica
707 567 782 606 illa
797 572 873 605 tua
886 578 988 604 vere
1004 565 1219 613 praeclara
1234 563 1633 612 Progymnasmata,
1656 575 1756 611 quae
1773 568 1820 601 tu

163 622 365 661 indefesso
381 622 518 660 studio
534 627 595 660 tot
610 621 767 669 vigilijs
787 619 1056 663 elucubrasti,
1079 630 1218 666 quum
1233 624 1274 656 te
1291 619 1523 661 editurum,
1546 622 1639 655 tum
1661 629 1714 655 ex
1735 618 1820 654 tuis

163 677 219 715 ad
239 688 320 715 nos
340 676 487 720 literiS,
508 681 603 714 tum
619 687 672 713 ex
689 674 817 712 Iunio
833 673 977 712 nostro
992 672 1347 720 intelligeremus,
1370 672 1619 718 obnixeque
1638 676 1818 718 peteres,

163 742 253 778 quo
276 731 501 768 ornatiora
524 740 574 767 ac
596 730 758 766 tutiora
780 728 1016 775 prodirent,
1040 737 1094 764 ea
1114 725 1257 763 nostro
1279 725 1432 773 Elogio
1452 724 1643 762 verfibus
1666 724 1819 771 scripto

162 783 377 831 prosequi,
398 782 764 830 privilegiumque
780 781 975 819 nostrum
992 780 1188 828 Regium,
1210 790 1299 826 quo
1319 784 1408 816 tuae
1425 778 1700 816 indemnitati
1718 789 1818 815 con-

162 837 384 881 suleretur,
408 836 648 874 concedere
672 846 763 873 non
786 834 1104 877 aversaremur;
1128 838 1351 880 utrunque
1372 837 1485 869 certe
1506 837 1594 869 tuae
1615 831 1820 879 singulari

163 892 311 929 virtuti
331 896 463 937 atque
482 888 764 937 suspiciendae
781 887 1028 926 Eruditioni
1048 898 1140 924 non
1155 892 1332 934 gravate
1349 885 1668 933 indulgendum
1685 884 1819 922 existi-

162 946 396 983 mavimuS.
416 943 575 990 Neque
592 944 711 981 enim
727 942 854 980 nobis
870 953 924 979 ex
940 940 1131 979 aliorum
1147 940 1374 983 relatione,
1391 944 1467 977 aut
1482 939 1604 977 nuda
1621 938 1820 986 Operum

162 1003 341 1037 tuorum
365 995 630 1045 inspectione
656 996 731 1034 ista
756 995 958 1034 discenda
982 994 1171 1032 fuerunt.
1199 994 1367 1032 Verum
1391 992 1467 1040 ipfi
1493 1004 1643 1030 coram
1668 992 1819 1030 nostris

163 1051 314 1096 oculis,
331 1050 484 1089 nostris
499 1050 681 1089 auribus
695 1048 908 1088 ἀυτόπτοι
918 1049 993 1087 καὶ
1005 1049 1220 1097 ἁυτήκοοι
1229 1049 1276 1085 in
1287 1049 1373 1085 tuis
1384 1046 1469 1084 illis
1476 1046 1656 1084 Vraniae
1668 1046 1820 1083 dicatis

163 1104 332 1144 aedibus
348 1116 401 1143 ea
411 1104 615 1148 vidimus,
633 1115 685 1141 ea
701 1103 966 1146 audivimus,
982 1101 1200 1149 varijsque
1215 1101 1502 1139 literatissimis
1518 1106 1650 1147 atque
1667 1101 1819 1137 iucun-

163 1159 336 1198 dissimis
357 1160 443 1196 tuis
465 1157 692 1196 nobiscum
714 1156 874 1195 habitis
896 1155 1169 1194 sermonibus
1191 1154 1429 1198 hausimus,
1453 1165 1554 1201 quae
1576 1155 1821 1191 etiamnum

162 1214 364 1251 animum
380 1211 574 1250 nostrum
589 1213 649 1249 ita
665 1209 875 1254 afficiunt,
893 1215 939 1248 ut
954 1211 1182 1257 majorene
1200 1220 1301 1246 cum
1316 1207 1540 1255 voluptate
1557 1219 1616 1245 an
1632 1207 1820 1245 admira-

162 1268 282 1305 tione
297 1265 373 1304 ista
388 1264 615 1303 nobiscum
630 1264 891 1308 recolamus,
908 1262 1083 1301 difficile
1100 1262 1146 1300 fit
1162 1262 1356 1300 statuere.
1376 1261 1508 1307 Quod
1521 1260 1727 1308 equidem
1738 1272 1820 1298 nos

162 1331 254 1358 non
276 1319 509 1358 illubenter
532 1317 738 1356 omnibus
761 1316 1033 1361 mortalibus,
1056 1315 1354 1364 praesentibus,
1380 1314 1549 1358 futuris,
1575 1313 1659 1352 hoc
1683 1313 1819 1361 diplo-

162 1378 279 1412 mate
294 1372 510 1416 testamur‚
532 1371 668 1419 usque
687 1371 812 1415 adeo,
833 1376 880 1409 ut
896 1370 926 1408 fi
942 1372 1040 1418 quis
1056 1369 1109 1407 de
1126 1369 1334 1407 industria
1349 1368 1678 1416 Vraniburgum
1694 1373 1820 1405 tuum

163 1427 284 1466 adire
300 1426 415 1471 velit,
439 1425 533 1474 (nifi
548 1424 723 1473 prorsus
741 1425 936 1475 ἄμουσος,
950 1423 1012 1470 fit)
1035 1424 1219 1462 domum
1231 1422 1427 1460 reversus
1444 1433 1591 1469 operae
1608 1423 1821 1469 praecium

162 1480 203 1519 se
228 1480 409 1519 retulisse
435 1480 687 1527 comperiat.
714 1478 867 1526 Itaque
893 1478 1026 1525 Regio
1052 1477 1195 1515 nostro
1219 1475 1369 1515 Edicto
1395 1481 1575 1514 cautum
1600 1475 1820 1518 volumus,

163 1546 214 1574 ac
234 1534 469 1578 sancimus;
493 1533 564 1571 Ne
586 1534 684 1580 quis
705 1531 930 1580 cujuslibet
949 1531 1091 1575 status,
1116 1531 1282 1569 ordinis
1303 1535 1379 1568 aut
1401 1529 1663 1567 conditionis
1679 1528 1819 1572 fuerit,

164 1599 430 1636 quacunque
447 1587 583 1635 Regni
599 1586 730 1624 nostri
745 1585 856 1623 fines
872 1590 1033 1633 patent,
1055 1595 1335 1632 quaecunque
1352 1583 1656 1621 Astronomica
1677 1582 1820 1620 aliave

164 1653 300 1690 opera
320 1646 409 1686 tua,
436 1652 536 1689 quae
561 1645 609 1678 tu
631 1639 765 1688 Typis
789 1638 972 1687 procudi
997 1640 1232 1682 curaveris,
1258 1640 1372 1675 intra
1396 1638 1622 1685 proximos
1648 1637 1822 1683 triginta

163 1696 321 1734 Annos
346 1707 373 1734 a
396 1695 540 1743 prima
565 1693 773 1742 cujusque
800 1692 958 1740 Operis
982 1692 1053 1730 vel
1077 1691 1318 1730 voluminis
1344 1691 1547 1733 editione,
1576 1689 1668 1727 ullo
1694 1687 1820 1737 pacto

165 1749 342 1797 (absque
361 1754 439 1787 tuo
459 1753 535 1787 aut
555 1747 786 1786 haeredum
806 1752 985 1784 tuorum
1005 1744 1233 1791 mandato)
1256 1744 1448 1793 ejusdem
1465 1743 1534 1781 vel
1551 1742 1704 1781 diversi
1720 1742 1820 1780 cha-

164 1801 339 1842 racteris
361 1801 505 1840 forma
528 1801 725 1845 excudat,
749 1806 796 1838 ut
820 1799 977 1838 excusa
998 1799 1053 1837 ab
1074 1799 1171 1847 alijs
1192 1800 1306 1836 intra
1327 1798 1462 1845 Regni
1484 1797 1613 1835 nostri
1634 1797 1821 1835 ditiones

116 1869 127 1882 ¹
163 1862 240 1895 aut
250 1855 361 1895 fines
372 1851 624 1905 impor-sstet‚
634 1854 708 1892 seu
717 1856 874 1902 quovis
883 1853 1017 1891 modo
1028 1852 1244 1895 distrahat,
1258 1857 1333 1889 aut
1344 1850 1636 1899 promercalia
1647 1850 1819 1888 habeat.

166 1909 256 1957 Qui
271 1909 391 1948 secus
411 1909 530 1952 faxit,
552 1910 592 1946 ei
610 1909 761 1956 viginti
777 1918 1029 1946 marcarum
1046 1908 1142 1944 auri
1158 1907 1257 1953 puri
1273 1904 1483 1943 muletam
1499 1906 1679 1951 irrogari
1697 1903 1820 1941 volu-

165 1975 277 2008 mus,
298 1974 489 2011 quarum
509 1962 691 2001 dimidia
711 1961 812 1999 fisco
833 1960 976 1999 nostro
994 1960 1126 2008 Regio
1147 1959 1314 1997 fraudis
1334 1959 1508 2002 vindici,
1530 1957 1699 1995 residua
1715 1968 1820 1995 vero

165 2029 266 2065 pars
285 2017 361 2056 tibi
381 2015 682 2055 haeredibusve
700 2017 786 2053 tuis
802 2014 937 2058 cedat,
959 2019 1117 2061 praeter
1133 2013 1345 2051 librorum
1362 2012 1417 2050 ad
1434 2013 1726 2049 imitationem
1743 2013 1820 2048 im-

165 2071 400 2119 pressorum
429 2069 792 2118 publicationem:
824 2079 935 2115 quos
960 2073 1007 2105 tu
1031 2069 1149 2104 tuive
1175 2066 1374 2104 haeredes
1400 2072 1476 2103 aut
1501 2070 1820 2113 procuratores,

165 2124 417 2172 ubicunque
437 2123 638 2162 locorum
659 2120 774 2160 nacti
797 2121 975 2165 fueritis,
999 2120 1256 2168 adjumento
1278 2119 1549 2167 magistratus
1569 2118 1731 2156 ibidem
1748 2119 1820 2165 jus

166 2178 359 2222 dicentis,
382 2177 469 2225 (cui
489 2188 571 2215 nos
591 2187 669 2224 per
688 2175 921 2223 praesentes
941 2173 1075 2213 striCte
1096 2174 1374 2215 mandamus.
1396 2178 1443 2211 ut
1463 2173 1538 2210 tibi
1559 2171 1726 2219 tuisque
1745 2171 1821 2209 sua

219 2231 484 2270 authoritate
505 2230 560 2269 ad
580 2229 719 2267 vestra
739 2228 1041 2276 recuperanda
1061 2227 1211 2265 sedulo
1232 2226 1353 2273 adlit)
1375 2226 1500 2264 vobis
1520 2225 1766 2267 vendicare,

272 2291 404 2333 atque
420 2286 466 2322 in
481 2283 664 2322 vestram
681 2282 933 2330 potestatem
945 2281 1138 2329 redigere
1155 2282 1361 2328 poteritis.
1380 2280 1429 2318 In
1446 2281 1571 2327 cujus
1588 2281 1650 2317 rei
1666 2278 1713 2316 fi-

326 2339 426 2377 dem
442 2337 545 2376 huic
562 2335 713 2375 Edicto
729 2348 867 2374 manu
883 2335 1025 2373 nostra
1041 2334 1373 2382 subscripsimus,
1392 2339 1523 2380 atque
1541 2332 1661 2380 sigilli

379 2391 509 2430 nostri
525 2389 790 2438 appensione
807 2389 1203 2428 corroboravimus.
1229 2387 1397 2426 Datum
1413 2389 1458 2424 in
1475 2387 1608 2434 Regia

478 2444 620 2482 nostra
637 2443 936 2482 Sancruciana
953 2441 1048 2481 Cal.
1065 2441 1247 2489 Augusti
1263 2442 1384 2479 Anni
1401 2440 1508 2479 1593.

609 2497 744 2545 Regni
760 2508 866 2535 vero
882 2496 1012 2534 nostri
1028 2495 1233 2543 vigefimo
1249 2495 1379 2532 sexto.

273 2613 306 2639 2·
1616 2597 1820 2636 IACOBI
