2164 3246
416 216 1076 256 PROGYMNASMATUM
1099 218 1300 256 PRIMA
1323 220 1473 258 PARS
1719 222 1769 260 63

123 324 283 368 habita,
295 328 339 361 vt
349 323 554 361 mensura
565 325 786 370 temporis,
799 335 888 371 quo
899 324 1099 362 transitus
1112 325 1182 362 ille
1196 325 1328 369 fieret,
1344 326 1534 373 respectu
1546 330 1648 365 certi
1660 327 1770 365 Astri

123 377 302 416 discerni
322 376 498 424 praecise
515 381 659 424 queat,
680 376 798 414 velut
819 376 915 415 haec
931 377 1035 415 alibi
1051 377 1225 416 forsitan
1242 379 1414 426 plenius
1431 380 1669 427 explicabo.
1693 381 1769 418 Re-

121 430 300 478 spondet
322 435 472 468 autem
494 429 628 467 huius
648 429 899 468 Ascenfioni
924 430 1064 469 Reclae
1087 431 1332 479 Longitudo
1353 433 1477 475 Solis,
1499 440 1541 470 vt
1564 435 1724 481 patebit
1747 446 1769 472 e

122 483 305 528 Tabula,
327 495 462 531 quam
478 483 613 530 paulo
629 483 719 530 post
735 483 961 528 addemus,
978 486 1024 521 in
1040 484 1082 522 P.
1100 485 1162 522 20.
1182 484 1207 532 l.
1226 485 1266 522 12
1289 490 1345 527 a.
1367 498 1501 532 quam
1518 487 1671 525 nostrae
1688 487 1769 525 Ta-

71 547 86 573 5
121 537 238 576 bulae
254 537 310 575 ad
325 537 443 575 idem
458 541 631 584 tempus
651 536 924 584 suppeditant
941 539 986 574 in
1002 538 1118 585 grad.
1136 538 1198 575 20.
1218 537 1242 585 l.
1262 539 1320 577 125
1347 544 1384 581 ,ὅ
1396 570 1403 581 ,
1425 539 1573 577 saltem
1591 541 1770 578 dimidio

121 590 322 638 scrupulo
338 590 600 628 vlteriorem.
619 586 633 640 ΙΙ

49 652 90 684 78
175 643 244 683 Sic
267 645 399 682 etiam
425 643 485 691 (vt
506 645 688 691 propius
711 643 767 681 ad
790 643 1034 691 Perigaeum
1057 644 1336 690 accedamus)
1360 645 1428 682 die
1453 646 1493 683 16
1517 646 1771 684 Decembris

123 697 314 736 eiusdem
325 698 459 741 Anni,
471 708 604 735 mane
615 708 693 744 per
704 696 880 744 Spicam
888 703 949 745 ΠΡ,
962 697 1126 744 vesperi
1139 704 1287 735 autem
1298 710 1375 745 per
1386 699 1568 736 Veneris
1581 699 1771 743 Stellam,

123 762 258 799 quam
272 753 467 798 primum
483 762 536 788 ea
551 752 767 798 apparuit,
786 749 1011 788 verificata
1026 751 1230 788 mensura
1246 752 1466 789 interualli
1482 752 1681 790 transitus
1698 753 1771 791 So-

57 814 87 840 10
123 804 225 843 laris
247 816 325 852 per
345 804 661 847 Meridianum‚
685 815 711 842 a
735 809 851 842 certa
874 803 911 841 8(
935 806 1055 851 prius
1077 804 1304 851 explorata
1325 805 1456 842 Stella
1480 806 1676 849 deriuati‚
1700 807 1771 844 ad-

123 859 276 896 inueni
291 857 408 896 illius
424 857 733 895 Ascenfionem
749 855 939 901 Rectam,
960 869 1061 895 cum
1077 859 1122 895 in
1139 857 1228 905 ipso
1245 857 1497 896 Meridiano
1515 860 1607 896 esset
1625 859 1666 896 P.
1683 860 1771 897 274.

125 910 151 960 Ι.
163 912 226 956 55,
238 910 398 959 quibus
409 911 462 949 de
474 911 683 958 Ecliptica
695 913 892 959 congruit
903 911 1020 959 grad.
1033 911 1069 948 4.
1082 913 1235 949 minut.
1248 911 1317 950 303
1337 917 1377 955 z,
1391 912 1508 959 quod
1521 924 1621 950 cum
1633 912 1774 950 nostra

123 965 442 1013 supputatione,
459 976 560 1012 quae
576 970 679 1002 tunc
695 964 860 1012 praebet
875 964 1023 1002 locum
1035 964 1147 1002 Solis
1161 967 1207 1002 in
1219 971 1325 1012 part.
1339 966 1374 1002 4.
1388 967 1541 1003 minut.
1554 966 1622 1005 305
1643 972 1683 1009 z,
1700 967 1772 1004 ad-

123 1018 307 1057 modum
328 1018 504 1066 praecise
528 1017 750 1062 consentit,
773 1017 1049 1065 Alphonfino
1073 1018 1255 1061 calculo,
1281 1024 1371 1056 tam
1394 1018 1465 1056 hic
1488 1030 1623 1066 quam
1646 1026 1775 1057 antea

58 1082 88 1107 15
124 1071 377 1110 abundante
398 1073 566 1110 circiter
586 1077 790 1119 quartam
809 1072 969 1119 gradus
990 1077 1175 1118 partem:
1198 1071 1483 1119 Coperniano
1504 1078 1652 1110 autem
1673 1072 1774 1110 defi·

124 1127 262 1164 ciente
279 1127 412 1164 etiam
426 1125 656 1173 vtrobique
673 1125 794 1173 quafi
810 1137 887 1172 per
902 1125 1062 1173 gradus
1079 1127 1384 1172 quincuncem.

177 1178 355 1218 Constat
365 1181 513 1226 itaque
526 1181 640 1217 circa
648 1179 893 1227 Perigaeum
906 1190 1096 1226 quoque,
1109 1178 1256 1216 locum
1266 1179 1378 1217 Solis
1391 1191 1413 1216 e
1425 1179 1576 1216 nostris
1583 1179 1774 1223 Tabulis,

125 1244 225 1271 cum
236 1231 395 1271 coelesti
407 1232 725 1271 Obseruatione
741 1234 821 1270 rite
838 1243 1089 1280 congruere.
1108 1232 1201 1270 Nec
1219 1232 1273 1270 est
1290 1233 1407 1279 quod
1424 1233 1582 1279 aliquis
1598 1232 1774 1280 suspice-

123 1291 192 1324 tur
216 1284 537 1324 Refrac'tionem
559 1286 630 1324 vel
652 1285 903 1324 Parallaxin
929 1288 1023 1323 eius
1049 1288 1094 1323 in
1120 1286 1278 1323 decliui
1303 1285 1380 1323 situ
1406 1286 1571 1333 aliquid
1596 1287 1775 1333 impedi-

55 1348 88 1374 20
124 1341 260 1378 menti
275 1339 516 1378 infinuasse:
538 1339 765 1387 Siquidem
781 1351 834 1377 ea
849 1339 1157 1377 tantummodo
1175 1339 1529 1377 Declinationem
1545 1339 1657 1377 Solis
1673 1340 1775 1377 alte-

124 1405 220 1432 rare
249 1395 449 1441 poterint,
479 1404 572 1431 non
601 1398 751 1431 autem
775 1392 1085 1431 Ascenfionem
1113 1391 1301 1437 Reclam,
1332 1393 1370 1430 8(
1399 1393 1501 1430 hinc
1532 1393 1776 1430 deriuatam

124 1446 475 1495 Longitudinem.

177 1500 298 1539 Idem
313 1511 492 1548 quoque
509 1512 563 1538 ex
576 1499 730 1548 Eclipfi
742 1500 882 1538 Lunae
894 1500 1016 1538 Anni
1033 1500 1140 1544 1573,
1157 1511 1257 1547 quae
1275 1501 1450 1547 contigit
1466 1500 1534 1537 die
1550 1500 1575 1537 8
1592 1499 1774 1537 Decem-

123 1553 222 1599 bris,
239 1553 340 1593 Sole
356 1565 448 1592 non
464 1554 592 1602 longe
609 1559 710 1592 ante
726 1554 970 1602 Perigaeum
987 1553 1196 1597 versante,
1213 1553 1310 1591 satis
1327 1553 1602 1600 exploratum
1619 1552 1774 1595 habeo.

55 1615 88 1641 2⁵
125 1609 219 1646 eius
238 1607 438 1646 videlicet
458 1607 631 1645 cursum
651 1609 766 1645 circa
785 1609 923 1645 imam
944 1606 1147 1650 absidem,
1169 1607 1207 1644 8(
1228 1607 1283 1644 01)
1305 1607 1346 1644 id
1369 1609 1500 1644 etiam
1521 1609 1641 1644 iuxta
1658 1607 1775 1653 Apo-

124 1672 281 1709 gaeum,
298 1673 390 1699 non
405 1663 553 1699 minus
569 1672 705 1708 quam
721 1663 767 1698 in
783 1661 881 1709 alijs
896 1661 1166 1709 intermedijs
1182 1661 1300 1703 locis,
1318 1661 1522 1707 aptissime
1538 1659 1679 1697 nostro
1692 1660 1775 1697 cal-

125 1714 224 1753 culo
235 1726 488 1763 congruere,
500 1720 544 1752 vt
555 1714 665 1753 alias
677 1716 963 1762 oportuniore
975 1714 1200 1752 occafione
1214 1714 1388 1761 plenius
1401 1715 1615 1751 euincam.
1635 1712 1775 1750 Refert

125 1768 303 1816 quidem
319 1767 524 1806 Rheticus
540 1768 593 1806 de
611 1768 874 1816 Copernico,
896 1768 1014 1815 quod
1035 1770 1070 1805 is
1087 1768 1335 1815 Apogaeum
1352 1767 1463 1805 Solis
1480 1778 1505 1804 a
1522 1766 1561 1803 se
1579 1766 1774 1803 constitu-

125 1826 218 1860 tum
233 1833 310 1869 per
326 1821 513 1869 Eclipses
529 1822 727 1860 Lunares
742 1833 878 1869 prope
895 1821 979 1859 hoc
996 1823 1293 1869 contingentes
1314 1822 1586 1862 examinarit,
1607 1820 1677 1857 sed
1698 1822 1773 1866 qui

125 1875 168 1913 id
183 1874 325 1914 facere
341 1877 542 1923 potuerit,
559 1887 660 1913 cum
677 1887 821 1922 neque
838 1875 986 1913 locum
1003 1875 1142 1912 Lunae
1159 1877 1236 1912 rite
1254 1874 1508 1917 emendarit,
1527 1885 1606 1910 nec
1623 1872 1772 1911 affixa-

125 1940 224 1966 rum
238 1928 336 1967 loca
350 1928 530 1976 praecisa
545 1930 754 1977 cognOrit,
772 1928 810 1966 &
827 1929 1034 1976 quaedam
1050 1928 1224 1975 insuper
1240 1928 1327 1966 alia
1343 1927 1429 1965 huc
1443 1927 1645 1964 facientia
1657 1927 1774 1973 apud

125 1981 265 2030 ipsum
289 1982 596 2026 desiderentur,
626 1994 913 2030 nequaquam
938 1983 1144 2029 assequor.
1177 1982 1289 2019 Haec
1315 1982 1367 2018 de
1397 1980 1538 2018 nostra
1564 1982 1608 2017 in
1634 1980 1774 2017 Solari

124 2035 591 2127 1{mcgtssuzmlendatione,
612 2047 689 2083 per
708 2036 877 2083 aliquot
894 2035 1264 2074 Obseruationum
1286 2034 1487 2081 exempla
1504 2033 1773 2075 confirmata.

156 2094 171 2127 t
215 2091 229 2127 i
264 2091 271 2098 '
305 2101 328 2128 e
361 2091 455 2128 atis.

55 1829 89 1909 8-1·

56 2203 89 2229 ³⁵
178 2195 311 2234 Nunc
321 2196 516 2235 Tabulas
532 2196 642 2240 illas,
659 2208 760 2244 quae
777 2195 863 2234 huc
876 2198 1170 2243 requiruntur,
1188 2195 1457 2242 subiungam,
1476 2193 1512 2231 8(
1529 2196 1671 2241 primo
1684 2195 1775 2240 qui-

125 2248 225 2287 dem
241 2248 567 2288 Refradlionum
588 2261 664 2297 per
686 2252 1003 2297 experientiam
1024 2249 1220 2287 crebram
1238 2249 1580 2296 exploratarum:
1603 2246 1775 2284 Dehinc

125 2302 440 2347 Parallaxium;
462 2303 641 2341 tandem
662 2303 1025 2341 Declinationum
1047 2303 1266 2350 Eclipticae
1288 2302 1342 2339 ad
1364 2301 1528 2348 fingula
1549 2301 1663 2337 dena
1683 2311 1774 2347 gra-

126 2356 263 2394 duum
281 2359 469 2395 minuta:
492 2356 529 2394 8(
550 2356 765 2404 postremo
782 2356 1096 2394 Ascenfionum
1115 2354 1357 2396 Reclarum,
1380 2366 1479 2401 quae
1497 2355 1596 2391 duae
1613 2353 1775 2390 vltimae

126 2409 314 2448 nostram
330 2412 635 2448 inuentionem
652 2412 696 2447 in
711 2410 1020 2448 Declinatione
1037 2411 1232 2447 maxima
1250 2408 1490 2455 respiciunt.
1509 2406 1655 2444 Postea
1672 2418 1775 2443 vero

57 2469 90 2495 ⁴⁰
126 2462 285 2501 harum
298 2463 573 2502 Tabularum
589 2463 961 2511 compositionem,
979 2462 1016 2500 8(
1033 2463 1154 2500 vsum
1172 2462 1295 2499 breui
1312 2461 1349 2498 8(
1365 2459 1577 2498 succincta
1594 2465 1774 2497 annota-

125 2517 243 2555 tione
259 2517 504 2556 declarabo.
518 2513 532 2567 ΙΙ
1538 2565 1773 2602 TABVLA
