2164 3246
104 912 134 938 10

83 1013 146 1045 217

102 1179 133 1205 15

99 1447 134 1472 20

98 1714 132 1740 25

98 1981 132 2006 30

97 2247 131 2274 35

98 2514 132 2540 40

469 201 1130 243 PROGYMNASMATUM
1153 203 1357 240 PRIMA
1379 203 1531 241 PARS
1762 203 1830 240 219

173 309 431 357 compositis,
451 310 667 358 colligitur
683 318 789 358 part.
807 311 870 349 92.
890 310 914 358 l.
932 310 994 348 46.
1014 308 1057 357 ll.
1075 309 1128 348 18.
1152 309 1432 357 Quapropter
1449 309 1660 357 Operatio
1676 309 1829 348 Trian-

172 363 334 411 gularis
355 362 481 401 facile
502 366 678 401 tertium
699 364 833 402 Latus
854 364 930 403 PC
952 363 1151 411 expediet
1172 368 1279 410 part.
1297 363 1350 401 91.
1370 361 1395 410 l.
1413 363 1476 401 59.
1495 361 1538 411 ll.
1556 363 1596 401 0:
1619 363 1738 410 quod
1759 363 1829 401 de—

171 418 376 455 terminat
392 418 685 454 remotionem
701 417 841 464 Spicae
858 418 1048 465 Virginis
1065 428 1091 454 a
1107 416 1214 454 Polo
1232 416 1451 464 Eclipticae
1469 416 1624 454 Boreo.
1648 416 1829 455 Sublato

171 472 319 518 itaque
342 469 445 507 hinc
469 470 634 508 Circuli
658 471 914 517 quadrante,
939 470 1108 508 restabit
1130 469 1220 517 ipsa
1241 469 1381 517 Spicae
1403 470 1607 508 Latitudo
1628 470 1671 507 P.
1689 471 1716 508 l.
1735 468 1760 518 l.
1778 470 1829 508 59

170 523 346 571 praecise
364 523 521 561 Merid.
539 535 675 570 quam
692 535 745 562 ea
761 526 930 562 ratione
948 525 1167 571 cognitam
1183 523 1364 561 reddere
1381 523 1762 571 proposueramus.

185 709 454 749 EIUSDEM
476 709 805 757 INQUISITIO
828 710 932 748 PER
954 648 1336 748 DIISTANTIAM
1358 710 1541 749 SPICAE
1563 716 1610 759 m)
1633 711 1711 748 AB
1734 710 1815 748 IN-

255 772 485 811 FERIORI
507 772 719 811 CAPITE
743 775 799 816 Π,
817 772 855 810 8(
872 772 1079 811 EAIPSA
1101 772 1408 811 DRACONIS
1430 772 1745 811 STELLULA.

247 844 326 882 ED
343 843 382 882 &
397 843 584 892 idipsum
599 855 677 892 per
693 844 936 882 Herculem
950 844 1037 882 fiue
1052 844 1288 889 Pollucem,
1307 846 1637 892 comparatione
1649 844 1704 882 ad
1717 844 1827 882 Dra-

259 899 382 936 conis
393 897 573 936 Stellam
585 896 710 941 fadla,
728 897 766 935 &
782 898 838 935 ad
850 897 1025 944 Spicam
1038 898 1268 945 applicata,
1281 898 1569 946 comprobare
1583 897 1828 936 consultum

172 953 263 996 erit,
279 956 324 990 vt
340 951 502 998 duplici
517 950 797 995 Testimonio,
815 963 882 989 res
899 950 995 989 haec
1013 962 1148 999 quam
1164 952 1445 996 intendimus,
1463 951 1711 990 ratificetur.
1729 947 1744 1001 ΙΙ

225 1005 276 1043 In
291 1004 486 1053 appofita
500 1006 628 1052 igitur
645 1004 939 1052 designatione
952 1005 1048 1043 fit&
1059 1005 1131 1043 hic
1501 1023 1533 1070 P

171 1059 202 1097 P
228 1058 361 1097 Polus
391 1058 611 1105 Eclipticae
637 1056 848 1096 Ardticus.
879 1059 920 1096 A
950 1058 1131 1096 inferius

171 1112 317 1160 Caput
334 1114 369 1155 ][
381 1142 389 1149 .
407 1111 440 1149 Β
453 1111 587 1150 Stella
598 1111 829 1149 Draconis.
848 1111 885 1150 C
898 1111 1026 1160 Spica
1037 1112 1130 1149 Vir-

169 1167 292 1214 ginis,
316 1165 637 1212 Ducanturque
653 1165 797 1203 Arcus
814 1164 851 1203 8(
869 1164 1130 1204 connectan—

169 1224 239 1257 tur
250 1219 452 1258 decenter
461 1220 625 1262 omnia,
635 1223 679 1256 vt
689 1224 831 1257 antea.
846 1219 1130 1267 Intercapedo

169 1278 319 1311 autem
342 1272 483 1320 Spicae
507 1278 556 1320 m)
580 1271 619 1310 8(
642 1271 788 1310 Stellae
814 1272 1033 1311 Draconis
1059 1272 1131 1311 hic

170 1337 348 1374 quoque
377 1326 613 1364 assumatur
642 1331 685 1364 vt
714 1327 836 1373 prius
865 1326 908 1364 P.
932 1326 995 1364 87.
1022 1324 1046 1374 l.
1071 1326 1129 1370 63,

170 1391 306 1428 quam
327 1379 607 1427 repraesentat
627 1380 771 1417 Arcus
794 1379 886 1418 BC.
912 1380 1129 1417 Remotio-

170 1445 274 1472 nem
299 1439 449 1471 autem
474 1432 614 1480 Spicae
637 1433 827 1481 Virginis
851 1432 889 1470 8(
912 1432 1130 1471 inferioris

169 1487 279 1535 Cap.
299 1489 335 1531 ]I
347 1517 355 1531 ‚
371 1485 587 1525 beneficio
599 1486 875 1524 Instrumenti
886 1485 1129 1534 supradicti,

169 1540 288 1589 quod
297 1540 517 1579 distantias
524 1539 759 1578 Stellarum
769 1542 903 1578 etiam
911 1540 1129 1588 quadran-

168 1599 208 1633 te
219 1595 411 1632 maiores
426 1595 599 1641 promit,
612 1593 916 1641 saepenumero
928 1600 1129 1632 accurate

169 1647 401 1686 demensus
419 1647 526 1692 sum,
551 1659 687 1695 quam
708 1647 969 1685 determinat
988 1648 1130 1685 Arcus

168 1700 256 1740 AC
276 1706 384 1749 part.
405 1701 468 1739 90.
492 1699 517 1749 l.
534 1701 619 1741 463⁷.
644 1702 791 1748 Atque
814 1703 926 1739 inter
949 1700 1130 1739 Stellam
1151 1683 1196 1726 -Α

169 1754 388 1816 Draconis
409 1753 448 1792 8(
468 1753 631 1793 dictum
652 1754 798 1802 Caput
820 1757 855 1798 Π
877 1754 919 1816 Ρ.
937 1755 990 1816 81.
1010 1753 1035 1802 l.
1052 1755 1128 1797 3123,
1213 1702 1587 1853 ζ
1796 1775 1826 1810 F

168 1808 305 1846 Arcui
330 1808 414 1846 BA
444 1813 777 1856 competentem.
809 1808 1129 1846 Ratiocinando
1158 1807 1193 1840 D
1619 1802 1818 1873 A'C

169 1863 316 1909 itaque
343 1866 388 1900 vt
417 1867 560 1905 antea,
595 1864 788 1909 primum
818 1864 863 1899 in
888 1861 1129 1909 Triangulo

168 1915 289 1953 APB
302 1926 356 1953 ex
367 1916 567 1953 concessis
579 1915 752 1953 duobus
765 1915 992 1953 Lateribus
1005 1927 1105 1953 cum
1117 1913 1295 1962 Angulo
1308 1919 1526 1957 contento,
1542 1913 1616 1950 PA
1629 1924 1682 1951 ex
1695 1913 1826 1952 Corn-

167 1968 391 2017 plemento
414 1969 676 2007 Latitudinis
699 1968 917 2007 inferioris
942 1969 1109 2016 Capitis
1136 1971 1170 2011 Π
1197 1969 1276 2005 erit
1298 1973 1406 2014 part.
1423 1967 1486 2005 83.
1506 1965 1531 2014 l.
1548 1967 1611 2004 22.
1631 1965 1673 2014 ll.
1691 1967 1727 2005 8.
1755 1968 1826 2006 ΡΒ

169 2021 510 2070 Complemento
531 2022 793 2060 Latitudinis
812 2022 957 2060 Stellae
975 2022 1194 2060 Draconis
1214 2026 1322 2068 part.
1340 2021 1376 2059 5.
1396 2019 1421 2068 l.
1439 2021 1492 2058 14.
1512 2019 1554 2068 ss.
1572 2021 1608 2065 7,
1631 2022 1826 2069 Angulo—

168 2087 254 2123 que
270 2075 391 2114 APB
411 2087 489 2124 per
509 2075 803 2114 differentiam
820 2076 1125 2124 Longitudinis
1140 2074 1360 2122 Vtriusque
1377 2074 1523 2112 Stellae
1540 2080 1647 2121 part.
1665 2074 1727 2113 69.
1747 2073 1772 2123 l.
1790 2075 1825 2114 8.

170 2127 213 2177 ll.
230 2129 293 2168 20.
311 2129 445 2168 Latus
461 2129 683 2177 reliquum
700 2130 783 2167 BA
800 2131 1038 2177 cognitioni
1055 2129 1245 2167 subiacet
1260 2134 1367 2175 part.
1385 2128 1439 2166 81.
1459 2126 1484 2176 l.
1498 2128 1551 2165 31.
1571 2126 1614 2175 ll.
1627 2128 1690 2171 52,
1708 2129 1826 2176 quod

169 2184 302 2221 etiam
312 2183 687 2230 intercapedinem
699 2183 860 2221 harum
872 2183 1062 2221 duarum
1074 2182 1309 2221 Stellarum
1322 2181 1509 2225 exhibet,
1525 2193 1626 2219 cum
1637 2181 1727 2229 ipsa
1740 2182 1826 2221 Ob-

168 2235 414 2275 seruatione
431 2238 629 2284 apprime
647 2238 999 2280 conuenientem,
1017 2239 1076 2274 ita
1092 2242 1135 2274 vt
1152 2235 1429 2274 solummodo
1446 2235 1534 2273 duo
1550 2235 1752 2283 scrupula
1768 2235 1825 2274 se-

168 2289 325 2334 cunda,
349 2301 530 2328 omnem
553 2289 723 2328 sensum
747 2289 1013 2338 effugientia,
1037 2289 1108 2327 hic
1132 2289 1369 2328 abundent.
1395 2289 1444 2326 In
1468 2289 1624 2326 eodem
1648 2301 1826 2336 quoque

167 2342 421 2391 Triangulo‚
443 2355 497 2381 ex
518 2345 633 2382 notis
654 2345 744 2382 iam
764 2344 900 2382 tribus
917 2344 1145 2382 Lateribus
1165 2342 1384 2381 constante
1401 2342 1605 2390 Angulus
1622 2342 1738 2380 ΡΑΒ
1755 2343 1825 2380 de-

168 2396 358 2435 litescere
374 2399 539 2445 nequit,
556 2399 825 2445 proueniens
842 2397 884 2435 P.
901 2398 937 2435 4.
957 2396 982 2446 l.
1000 2398 1063 2436 56.
1083 2395 1125 2445 ll.
1143 2397 1206 2434 42.

222 2449 354 2489 Nunc
376 2451 697 2499 progrediendo
720 2451 776 2489 ad
799 2450 973 2499 Triang.
999 2451 1140 2495 BAC,
1164 2451 1283 2498 quod
1307 2452 1439 2488 etiam
1462 2452 1544 2487 tria
1567 2449 1698 2487 habet
1722 2455 1825 2487 nota

168 2503 337 2548 Latera,
365 2515 442 2552 per
468 2504 714 2543 distantiam
738 2510 941 2543 mutuam
967 2507 1168 2542 omnium
1194 2506 1325 2542 trium
1352 2503 1586 2594 Stellarurg
1611 2504 1825 2549 principio

274 2565 325 2591 28‘
1588 2562 1823 2594 enotatam.
