2243 3225
355 187 432 224 200
729 180 1183 221 ASTRONOMIAE
1204 179 1628 219 INSTAURATAE

355 295 413 329 ita
429 298 471 328 vt
488 291 573 327 DA
590 289 635 326 fit
650 294 756 336 part.
770 288 831 326 68.
844 289 948 325 min.
962 287 1038 329 3123,
1056 286 1094 323 8(
1112 287 1188 323 EA
1204 291 1311 333 part.
1324 286 1378 324 61.
1391 287 1496 323 min.
1509 285 1545 328 3,
1562 297 1650 323 vna
1666 297 1767 323 cum
1782 287 1907 323 tertio
1920 286 1999 323 La-

354 351 441 382 tere
459 343 558 380 DE:
576 341 819 379 distantiam
835 340 995 378 harum
1008 339 1242 377 Stellarum
1258 339 1313 376 ad
1329 341 1522 376 inuicem
1533 338 1868 385 repraesentante
1880 341 2000 386 prius

354 397 601 438 indicatam,
619 406 710 432 non
725 394 872 431 latebit
884 392 1087 440 Angulus
1103 392 1205 429 huic
1222 392 1365 429 Lateri
1382 391 1602 439 oppositus
1614 391 1750 435 DAE,
1766 391 1809 429 P.
1822 391 1885 430 83.
1899 390 1924 439 l.
1937 392 2000 431 57.

356 449 398 497 ll.
416 449 477 491 33,
500 459 632 495 quem
648 447 901 494 AEquatoris
922 446 1063 482 Arcus
1084 445 1155 482 HI
1176 444 1408 489 mensurat,
1430 444 1676 483 distantiam
1691 444 2000 492 AEquatoriam

355 502 530 539 Lucidae
549 507 595 540 V
613 506 743 547 atque
761 498 1068 536 Meridionalis
1085 497 1252 545 Capitis
1272 500 1307 541 ][
1327 497 1551 536 exhibens.
2038 512 2054 537 5

407 555 504 592 Pari
516 556 685 591 ratione
697 555 743 590 in
754 552 891 590 altero
902 550 1142 598 Triangulo
1155 551 1281 595 EAF,
1299 552 1512 598 quoniam
1528 550 1673 588 rursus
1685 550 2002 599 cognoscuntur

353 610 435 646 tria
452 608 608 645 Latera
624 606 714 650 EA,
731 610 837 653 part.
855 605 908 642 61.
926 606 1030 641 min.
1048 604 1084 647 3,
1106 609 1149 641 vt
1165 606 1298 651 prius,
1320 604 1395 641 FA
1411 610 1518 651 part.
1535 604 1598 642 98.
1615 606 1720 642 min.
1738 604 1823 647 56&
1845 615 1899 642 ex
1915 603 2002 642 De-

354 661 588 698 clinatione
610 659 750 706 Spicae
768 664 815 706 m)
838 657 996 695 Merid.
1018 657 1097 694 KF
1116 657 1172 695 ad
1193 659 1409 705 integrum
1430 657 1721 704 quadrantem
1738 657 1825 694 KA
1841 657 2001 695 addita.

355 714 427 751 EF
451 724 555 750 vero
582 713 726 756 Latus,
753 723 806 749 ex
830 710 1155 757 intercapedine
1181 710 1326 748 Stellae
1352 712 1445 748 eius
1474 713 1509 753 JI
1538 710 1576 748 8(
1601 710 1742 758 Spicae
1768 712 2001 758 cognitum.

355 767 543 814 Emergit
565 768 712 812 itaque
736 776 788 802 ex
811 764 879 801 his
902 763 1105 811 Angulus
1129 763 1254 807 EAF,
1277 768 1384 811 part.
1402 763 1464 802 85.
1488 765 1593 801 min.
1611 764 1673 802 54.
1693 761 1736 811 ll.
1753 763 1807 808 18,
1831 765 2001 811 quanti-
2043 777 2074 802 ιο

353 826 485 858 tatem
497 820 638 921 ΑτειιΗε
651 818 715 855 ΙΚ
726 817 980 865 AEquatoris
991 828 1168 864 vnaque
1185 816 1478 855 differentiam
1489 816 1583 855 Asc.
1596 816 1757 855 harum
1769 816 2003 855 Stellarum

354 872 592 910 ostendens.

406 925 553 963 Tertio
577 926 621 962 in
642 923 882 971 Triangulo
903 922 1025 961 FAG
1049 925 1181 961 etiam
1204 923 1363 961 dantur
1385 925 1468 961 tria
1490 923 1659 967 Latera,
1683 923 1772 967 FA,
1795 928 1839 961 vt
1859 928 2002 968 antea,
2030 931 2091 962 197

356 979 441 1017 GA
457 990 533 1025 per
551 977 939 1024 Complementum
956 976 1276 1014 Declinationis
1293 977 1470 1015 Lucidae
1487 976 1694 1020 Vulturis,
1716 982 1823 1024 part.
1840 976 1903 1015 82.
1922 974 1948 1024 Ι.
1965 976 2001 1015 8.

356 1030 398 1079 sl.
416 1032 478 1074 40,
497 1031 534 1068 &
551 1031 632 1069 FG
649 1031 809 1068 harum
825 1029 1060 1068 Stellarum
1076 1029 1285 1073 distantia,
1302 1035 1409 1077 part.
1422 1030 1485 1068 97.
1498 1032 1602 1067 min.
1615 1030 1666 1068 50
1683 1030 1743 1076 (vt
1759 1031 1879 1077 prius
1895 1041 2002 1077 quo·
2044 1043 2074 1068 15

355 1097 439 1132 que
460 1085 700 1122 indicatum
722 1083 793 1130 est)
814 1095 906 1121 non
927 1082 1096 1120 deficiet
1116 1082 1319 1130 Angulus
1341 1083 1462 1121 FAG
1482 1088 1590 1130 part.
1611 1083 1675 1121 96.
1696 1085 1802 1121 min.
1819 1083 1882 1121 45.
1905 1081 1948 1131 ll.
1965 1083 2002 1127 9,

355 1138 597 1176 distantiam
617 1137 924 1184 AEquatoriam
945 1135 1086 1183 Spicae
1106 1142 1154 1184 m>
1176 1147 1202 1174 a
1222 1136 1418 1174 Vulturis
1439 1135 1572 1174 Stella
1593 1136 1758 1175 Lucida
1778 1147 2002 1174 common-

354 1191 499 1234 strans,
517 1190 603 1228 fiue
620 1191 787 1228 Arcum
802 1189 1058 1237 AEquatoris
1074 1189 1166 1227 KL.

407 1244 624 1281 Postremo
636 1246 681 1281 in
692 1243 932 1291 Triangulo
946 1242 1090 1287 GAD,
1108 1242 1333 1280 redeundo
1345 1242 1515 1280 rursum
1527 1243 1582 1281 ad
1596 1249 1642 1283 V
1656 1243 1881 1287 Lucidam,
1898 1248 2004 1281 nota

355 1309 531 1344 quoque
547 1297 642 1334 sunt
659 1298 811 1334 omnia
822 1297 991 1339 Latera,
1009 1296 1096 1334 GA
1112 1296 1246 1333 modo
1262 1296 1516 1340 indicatum,
1534 1296 1620 1333 DA
1637 1296 1765 1344 supra
1776 1295 2002 1340 ostensum,
2041 1309 2075 1334 20

355 1350 392 1388 8(
409 1350 501 1388 DG
518 1350 716 1388 distantia
733 1349 966 1388 Stellarum
982 1349 1179 1387 Vulturis
1195 1356 1326 1396 atque
1344 1349 1521 1387 Lucidae
1540 1355 1586 1389 V
1604 1351 1724 1397 prius
1741 1360 1919 1397 quoque
1939 1360 2003 1387 re·

354 1404 502 1441 serata.
515 1403 717 1451 Angulus
728 1405 875 1450 itaque
887 1402 1175 1450 AEquatorius
1187 1402 1320 1441 GAD
1333 1402 1623 1451 cognoscetur,
1635 1409 1742 1450 part.
1751 1402 1813 1441 93.
1826 1404 1931 1441 min.
1940 1402 2002 1440 22.

356 1456 398 1505 ll.
416 1457 478 1500 58,
496 1468 626 1504 quem
644 1457 786 1494 Arcus
802 1456 1057 1504 AEquatoris
1074 1456 1203 1493 LBH
1220 1458 1407 1494 metitur.

407 1510 601 1547 Inuentis
617 1512 764 1557 itaque
776 1512 821 1547 in
833 1509 952 1547 hunc
963 1510 1159 1552 modum,
1177 1515 1367 1556 quatuor
1378 1509 1539 1547 harum
1551 1509 1785 1547 Stellarum
1797 1509 2004 1558 distantijs

353 1563 635 1610 AEquatorijs,
653 1575 727 1601 eas
744 1565 935 1601 inuicem
953 1562 1229 1600 conferemus
1242 1562 1655 1610 componemusque,
1668 1569 1711 1600 vt
1723 1569 1867 1601 vtrum
1879 1562 2003 1600 fimul
2041 1575 2074 1600 25

355 1622 701 1664 coaugmentatae
719 1616 835 1654 Coeli
856 1618 1073 1664 integrum
1089 1616 1331 1659 Ambitum,
1354 1616 1500 1663 quoad
1518 1616 1808 1663 AEquatorem
1829 1615 2002 1654 conclu-

355 1670 471 1713 dant,
488 1669 763 1707 manifestum
780 1670 952 1713 euadat,
970 1675 1013 1707 vt
1030 1681 1147 1707 nunc
1164 1669 1336 1717 patebit.

1755 1721 1780 1746 P.
1876 1742 1880 1746 .
1990 1742 1994 1746 .

839 1768 1004 1805 Lucida
1023 1773 1068 1807 V
1328 1767 1485 1805 Merid.
1504 1766 1612 1814 Cap.
1635 1769 1668 1810 Π
1739 1766 1790 1805 83
1846 1767 1896 1805 57
1953 1766 2004 1804 33

356 1820 616 1858 Differentia
633 1820 790 1858 Ascen-
812 1771 817 1864 1
839 1821 996 1859 Merid.
1015 1820 1124 1868 Cap.
1146 1823 1180 1863 Π
1329 1820 1503 1867 Spicam
1522 1826 1569 1868 111>
1740 1820 1790 1858 85
1847 1821 1898 1859 54
1963 1819 2005 1858 18
2043 1832 2077 1858 3ο

470 1874 646 1912 [ionalis
662 1886 688 1912 a
839 1874 966 1921 Spica
986 1880 1032 1922 1η)
1201 1876 1207 1971 Ι
1225 1848 1280 1885 ad
1327 1874 1558 1912 Vulturem
1739 1873 1791 1912 96
1847 1874 1897 1912 45
1981 1873 2005 1912 9

838 1927 1021 1965 Vulture
1327 1927 1538 1965 Lucidam
1558 1933 1603 1966 V
1740 1926 1790 1965 93
1847 1926 1898 1964 22
1954 1926 2006 1965 58

1160 1981 1467 2046 &Aggregatum
1484 2000 1686 2035 omnium
1716 1997 1793 2036 359
1849 1997 1900 2036 59
1955 1997 2007 2036 58

410 2096 525 2133 Cum
542 2098 669 2143 igitur
685 2095 756 2133 hae
774 2102 962 2143 quatuor
979 2098 1023 2133 in
1041 2108 1177 2134 vnum
1190 2095 1381 2134 colledtae
1394 2095 1651 2134 differentiae
1664 2095 2005 2138 Ascensionales,

356 2155 444 2185 tam
461 2149 571 2186 belle
589 2151 804 2196 integrum
817 2149 1070 2196 AEquatoris
1088 2150 1316 2188 Circulum
1334 2149 1594 2197 compleant,
1612 2148 1913 2187 deficientibus
1929 2148 2005 2186 sal-
2044 2161 2078 2186 35

357 2208 442 2238 tem
460 2202 631 2239 duobus
648 2202 856 2249 scrupulis
873 2202 1081 2245 secundis,
1104 2215 1204 2250 quae
1222 2203 1331 2240 nihil
1349 2202 1521 2250 prorsus
1538 2208 1761 2240 merentur
1776 2204 2005 2240 momenti:

358 2254 454 2292 satis
477 2255 701 2292 euidenter
722 2255 823 2292 hinc
845 2256 1173 2298 demonstratur,
1196 2256 1232 2293 8(
1255 2256 1489 2294 Stellarum
1506 2267 1606 2303 quae
1623 2255 1890 2293 assumfimus
1910 2255 2007 2293 loca

358 2307 547 2354 respectu
574 2308 827 2354 AEquatoris
853 2309 906 2346 ad
934 2310 1129 2346 amussim
1156 2309 1364 2356 disposita,
1396 2309 1433 2346 8(
1464 2309 1817 2351 obseruationes,
1848 2309 2007 2356 quibus

358 2373 510 2398 earum
535 2361 864 2398 Declinationes
888 2369 1018 2408 atque
1043 2362 1252 2400 distantiae
1276 2365 1470 2400 inuentae
1495 2362 1601 2403 sunt,
1628 2362 1737 2399 nulli
1763 2361 1878 2400 suisse
1902 2363 2007 2399 vitio

359 2414 584 2451 obnoxias.
604 2414 734 2460 Quod
752 2415 832 2452 hac
851 2417 990 2461 prima
1009 2414 1259 2453 induistione
1277 2415 1435 2453 inferre
1453 2415 1770 2463 proposuimus.
2046 2427 2079 2451 ⁴0

1957 2520 2006 2558 11.
