2164 3246
378 228 1036 270 PROGYMNASMATUM
1059 232 1373 271 SECUNDA
1395 234 1546 272 PARS
1713 235 1790 274 333

138 336 396 384 capedinem
419 335 720 384 applicuerim,
744 336 963 376 habebam
987 341 1105 377 enim
1128 340 1320 378 diuersos
1341 342 1482 379 Arcus
1505 344 1692 380 minimo
1717 354 1788 380 ne-

136 391 253 438 gotio
274 389 417 427 eidem
442 389 667 436 aptabiles,
697 396 826 438 prout
853 392 1052 430 Remotio
1079 393 1313 431 Stellarum
1343 395 1602 442 requirebat.
1635 396 1789 444 Magni

137 443 347 491 fiquidem
369 443 525 487 Arcus,
549 443 648 490 plus
671 446 830 492 negotij
856 447 900 482 in
924 445 1200 484 Tractatione
1225 447 1498 486 Instrumenti
1522 448 1787 493 facessebant,

137 507 270 544 quam
288 497 498 534 minores:
516 497 704 544 ideoque
720 509 811 535 non
823 498 1006 537 libenter
1018 500 1306 547 amplioribus
1317 501 1479 543 vtebar.
1497 502 1574 539 nisi
1587 502 1788 541 Siderum

136 551 344 588 remotior
359 550 640 597 intercapedo
657 550 843 598 idipsum
859 552 1111 599 postulabat.
1130 553 1306 602 Regulae
1323 561 1471 593 autem
1485 555 1601 593 binae
1614 557 1787 603 quadri-

79 611 99 643 ψ
136 603 297 648 laterae,
318 603 401 641 AB
418 608 550 650 atque
567 603 654 642 AC
675 610 798 642 erant
819 605 962 653 longae
984 612 1173 653 quatuor
1194 607 1373 651 cubitos,
1395 608 1495 646 latae
1516 615 1601 646 tres
1619 609 1786 657 digitos,

135 657 276 695 crassae
297 656 420 695 duos.
443 656 602 704 Neque
624 659 743 695 enim
760 670 782 695 e
799 658 934 696 solido
959 660 1209 698 constabant
1228 661 1426 705 Metallo,
1449 662 1566 708 quod
1588 668 1690 700 tunc
1710 663 1787 701 suo

134 710 328 758 pondere
345 711 476 748 nimis
491 721 661 758 graueS‚
679 710 717 748 &
733 711 788 749 ad
805 710 1079 751 tractandum
1094 714 1311 752 inhabiles
1323 714 1503 757 fuissent;
1521 715 1590 753 sed
1604 727 1656 753 ex
1668 716 1786 764 ligno

134 763 317 802 Arboris
333 763 609 812 Iuglandum,
626 764 776 802 multis
789 766 933 803 Annis
949 778 1025 814 per
1041 767 1080 805 se
1098 770 1271 815 penitus
1288 768 1509 811 exsiccato,
1527 775 1786 816 praeparatae

68 830 98 856 ιο
135 822 270 862 erant,
292 829 393 855 cum
409 816 494 856 hoc
510 817 679 865 lignum
695 830 786 865 prae
804 822 982 863 caeteris,
1005 821 1046 858 id
1063 821 1283 868 peculiare
1304 821 1476 865 habeat,
1499 823 1617 869 quod
1634 835 1785 870 quam-

133 872 368 909 minimum
378 871 507 909 Aeris
517 871 766 909 alterationi
776 872 1019 911 obnoxium
1032 874 1089 918 sit,
1103 886 1246 922 neque
1256 877 1301 912 in
1311 875 1539 922 planitiem
1550 876 1786 924 oblongam

133 929 264 972 atque
276 923 485 963 directam
496 924 679 963 dolabro
692 925 978 970 elaboratum,
996 927 1121 965 facile
1134 930 1489 966 incuruationem
1501 929 1698 976 aliquam
1711 942 1786 978 per

133 977 173 1016 se
193 977 404 1017 admittat.
426 978 510 1016 Vbi
530 984 680 1016 autem
703 978 774 1017 hae
795 979 896 1018 duae
919 980 1095 1028 Regulae
1117 984 1230 1019 circa
1251 983 1290 1019 A
1313 982 1527 1020 Centrum
1550 985 1784 1031 coniunge-

132 1030 304 1076 bantur,
325 1031 552 1070 Metallico
574 1031 716 1077 clauo,
737 1032 954 1071 foramine
976 1036 1108 1072 etiam
1126 1041 1257 1082 atque
1279 1041 1367 1073 tota
1384 1042 1641 1074 contextura
1661 1037 1784 1075 lami-

67 1097 97 1123 15
132 1084 249 1123 nulis
264 1087 402 1123 aeneis
417 1096 632 1123 connexae
647 1091 778 1133 atque
790 1089 973 1125 munitae
986 1094 1120 1126 erant.
1134 1088 1217 1136 Jpfi
1230 1091 1361 1127 etiam
1373 1090 1514 1127 Arcus
1527 1090 1785 1128 diuisionem

134 1138 369 1177 Graduum
385 1141 663 1187 excipientes,
681 1144 812 1187 atque
829 1140 1049 1179 distantias
1066 1142 1375 1189 dispartientes,
1394 1154 1416 1180 e
1432 1142 1568 1180 solido
1586 1143 1783 1187 Metallo.

132 1197 277 1240 vtpote
288 1192 394 1230 AEre
411 1192 467 1231 ad
483 1193 681 1231 amussim
699 1193 936 1237 elaborato,
954 1200 1085 1242 atque
1098 1197 1142 1233 in
1155 1196 1393 1234 Arcualem
1405 1196 1593 1234 sormam
1605 1197 1783 1235 mallea-

131 1247 250 1284 tione
267 1244 434 1291 educ‘to,
451 1251 495 1284 vt
511 1246 776 1285 constantius
792 1249 1090 1286 incuruationi
1107 1249 1312 1287 violentae
1329 1249 1573 1293 resisterent,
1591 1256 1722 1297 atque
1739 1253 1784 1288 in

132 1299 324 1338 debitam
339 1299 661 1347 dispofitionem
677 1300 826 1348 sponte
843 1301 1109 1345 resultarent,
1131 1302 1160 1339 fi
1182 1303 1360 1350 quando
1382 1314 1457 1350 per
1478 1304 1679 1341 accidens
1695 1306 1784 1341 vim

45 1358 109 1392 339
132 1352 329 1401 aliquam
353 1358 618 1401 paterentur,
645 1352 828 1392 confecti
854 1361 988 1393 erant.
1020 1355 1277 1394 Pinnacidia
1303 1358 1433 1394 etiam
1463 1352 1478 1406 ΙΙ
1509 1356 1784 1395 Orichalcica

131 1405 332 1451 habebat,
358 1407 509 1454 qualia
533 1407 800 1446 denotantur
824 1409 943 1456 apud
967 1409 1000 1446 B
1025 1408 1062 1446 &
1087 1409 1136 1451 C,
1163 1410 1406 1457 eademque
1432 1412 1490 1448 ita
1514 1410 1687 1458 Regulis
1711 1411 1783 1448 ad-

132 1464 290 1508 aptata,
311 1466 356 1499 vt
375 1462 558 1499 interius
578 1461 757 1499 illorum
779 1462 912 1500 Latus
935 1464 1130 1500 interiori
1152 1474 1329 1510 quoque
1352 1463 1617 1511 Regularum
1640 1463 1782 1511 super-

131 1512 244 1552 ficiei
272 1513 448 1562 praecise
473 1514 840 1562 corresponderet,
872 1522 1003 1563 atque
1029 1528 1116 1554 vna
1142 1528 1243 1554 cum
1268 1516 1477 1564 superiori
1503 1517 1557 1554 ad
1583 1517 1783 1565 Angulos

132 1566 283 1606 Rectos
298 1567 389 1615 ipsa
405 1573 615 1606 extarent.
635 1568 704 1606 Sic
721 1571 840 1606 enim
856 1569 1041 1617 spatium
1059 1572 1170 1607 inter
1186 1570 1317 1608 ambo
1336 1570 1590 1608 Pinnacidia
1607 1577 1782 1608 conten-

62 1632 96 1658 25
131 1625 236 1666 tum,
248 1621 416 1660 Arcum
428 1621 603 1670 Regulis
615 1634 792 1670 quoque
806 1622 969 1661 eductis
981 1625 1282 1671 interceptum,
1297 1623 1585 1662 mensurabat.
1605 1623 1782 1662 Gradus

130 1685 235 1713 vero
250 1674 327 1723 ipfi
337 1676 474 1714 Arcui
491 1675 788 1714 distributione
801 1675 964 1720 exacta,
982 1682 1113 1724 atque
1125 1677 1331 1715 subtiliter
1343 1677 1552 1724 insculpti,
1570 1683 1701 1715 tantae
1714 1690 1781 1715 ca-

130 1730 327 1776 pacitatis
343 1734 479 1773 erant,
500 1734 544 1767 vt
559 1729 877 1777 sesquialterius
894 1730 1012 1778 digiti
1029 1731 1324 1768 Latitudinem
1345 1731 1643 1778 adaequarent,
1665 1731 1781 1769 ideo-

131 1793 216 1830 que
231 1781 407 1831 fingulis
422 1784 604 1821 minutis
620 1783 948 1822 discriminatim
969 1783 1269 1831 dispartiendis
1290 1783 1544 1821 sufficerent.
1569 1784 1782 1822 Nondum

131 1837 249 1874 em‘m
260 1836 520 1875 diuifionem
532 1836 655 1875 illam
666 1837 883 1885 graduum
896 1837 1264 1885 compendiosam,
1282 1849 1370 1884 qua
1386 1849 1462 1885 per
1476 1836 1636 1885 puncta
1649 1838 1781 1875 trans·

61 1899 95 1926 ³0
130 1888 327 1934 uersalia,
355 1890 632 1928 commodius
654 1890 692 1928 &
715 1893 929 1938 promtius
957 1893 1002 1928 in
1029 1893 1235 1929 minimas
1259 1890 1451 1938 quasque
1479 1891 1780 1938 portiunculas

131 1941 452 1988 distribuuntur,
474 1944 812 1982 adinueneram:
834 1946 893 1982 vti
915 1956 1058 1991 neque
1077 1945 1259 1982 rimulas
1276 1944 1524 1987 Parallelas‚
1547 1945 1704 1991 quibus
1725 1945 1779 1982 ab

130 2001 312 2044 vtraque
328 1996 569 2046 Pinnacidij
589 2004 710 2045 parte
727 1997 871 2036 Stellae
889 1998 1135 2036 centraliter
1151 2000 1336 2035 minimo
1353 2000 1526 2045 negotio
1544 1998 1779 2036 collinean-

130 2054 210 2088 tur.
233 2050 283 2088 In
298 2050 617 2090 Altitudinibus
638 2051 848 2098 liquidem
870 2052 1094 2099 capiendis
1115 2051 1264 2090 saltem
1281 2053 1455 2089 vnicam
1476 2051 1683 2089 rimulam
1703 2063 1778 2089 an-

131 2105 278 2142 teriori
293 2104 550 2143 Pinnacidio
567 2105 881 2152 applicueram,
898 2111 941 2142 vt
957 2105 1102 2152 postea
1118 2105 1297 2152 quando
1313 2105 1365 2142 de
1383 2104 1450 2142 his
1467 2116 1606 2152 egero.
1626 2104 1778 2152 fignifi-

60 2168 94 2194 35
130 2162 305 2196 caturus
321 2157 426 2196 sum.

182 2210 462 2250 Adhibebam
483 2224 660 2260 quoque
683 2211 720 2250 &
741 2212 878 2250 alium
896 2212 1119 2260 quendam
1140 2223 1330 2259 paruum
1347 2212 1514 2249 Arcum
1532 2211 1681 2253 GLH.
1704 2213 1778 2258 qui

130 2265 174 2302 in
198 2266 332 2312 priori
356 2265 521 2314 Regula
546 2266 664 2313 apud
689 2265 731 2304 G
755 2265 966 2308 firmatus,
993 2265 1176 2303 alteram
1202 2277 1336 2312 penes
1360 2265 1393 2302 L
1415 2264 1621 2307 transiret,
1648 2265 1778 2312 idque

129 2317 249 2365 quafi
272 2330 351 2366 pro
376 2321 502 2358 tertia
526 2325 647 2367 parte
674 2319 978 2367 Longitudinis
1004 2319 1270 2367 Regularum
1296 2330 1321 2357 a
1348 2318 1511 2356 Centro
1540 2318 1777 2360 distantem,

129 2370 290 2419 duplici
306 2372 359 2411 de
376 2372 521 2417 causa;
538 2375 698 2421 partim
714 2379 757 2411 vt
774 2373 1048 2411 Instrumenti
1066 2372 1252 2420 Regulas
1269 2373 1374 2410 dum
1391 2371 1492 2409 hinc
1510 2372 1609 2409 inde
1627 2383 1777 2409 moue-

60 2435 94 2462 4ο
129 2429 290 2470 rentur,
306 2427 352 2464 in
366 2427 523 2465 eodem
534 2426 669 2474 plano
682 2426 838 2465 rectius
850 2429 1107 2469 contineret:
1125 2438 1204 2464 nec
1217 2427 1361 2464 omnis
1373 2425 1444 2463 ille
1458 2425 1600 2463 Labor
1612 2426 1777 2462 Arcum

129 2477 351 2517 aheneum
375 2482 497 2518 iuxta
522 2480 780 2518 Pinnacidia
805 2480 1003 2528 positum.
1030 2485 1304 2528 aggrauaret:
1332 2481 1489 2526 partim
1514 2484 1556 2515 vt
1583 2478 1776 2516 Cochlea

129 2531 322 2579 quadam
337 2544 478 2581 parua
494 2533 548 2572 ab
565 2534 702 2572 altera
718 2540 839 2582 parte
857 2533 971 2572 infra
988 2534 1021 2571 L
1037 2533 1184 2581 posita.
1201 2531 1775 2621 intermediantfqhoclArcu.

1550 2596 1629 2631 egu
1650 2595 1775 2621 arum

83 563 100 589 υἱ
