2243 3225
406 214 473 251 122
780 208 1234 248 ASTRONOMIAE
1255 205 1678 246 INSTAURATAE

406 324 451 356 ut
471 325 564 356 tum
584 317 629 354 fit
650 318 839 364 partium
859 316 895 353 5.
911 317 1016 352 min.
1035 315 1088 352 17.
1107 312 1150 362 ll.
1167 314 1231 358 30,
1252 325 1331 361 pro
1352 318 1399 351 ut
1418 324 1501 351 nos
1521 313 1667 351 docuit
1685 312 1867 360 diligens
1884 312 1923 351 &
1938 313 2050 362 saepe

405 373 606 409 reiterata
622 370 890 407 examinatio
907 370 1019 405 circa
1035 372 1271 414 utrumque
1287 366 1471 404 limitem
1486 371 1577 404 tam
1590 365 1796 410 Boreum,
1813 378 1949 414 quam
1959 367 2050 405 Au-

405 424 594 466 strinum,
612 422 650 459 8(
666 424 711 459 111
727 421 914 468 Vtrisque
930 420 1036 458 locis
1051 421 1226 468 tropicis
1243 417 1546 467 circumspec‘te
1564 418 1877 457 administrata:
1898 421 1970 465 ita,
1991 426 2050 465 ut,

405 488 495 514 non
515 475 664 513 saltem
680 474 960 512 Parallaxeos
976 473 1139 520 ubique
1155 472 1226 511 sed
1242 472 1280 510 8(
1295 470 1567 511 refraffloms
1582 474 1628 510 111
1644 472 1868 510 decliviori
1883 472 1962 511 fitu
1977 473 2050 512 ad-

405 529 541 567 hibita
561 528 606 565 fit
626 529 748 566 ratio.
776 527 907 573 Quod
928 526 957 564 fi
977 526 1244 564 Ptolomaeus
1265 527 1379 564 circa
1399 524 1716 572 Quadraturas,
1739 527 1802 563 uti
1823 525 2051 565 verisimile

405 582 471 626 est,
489 582 627 619 Lunae
644 580 939 618 Latitudinem
955 581 1210 623 maximam,
1232 590 1333 617 cum
1344 580 1471 627 juxta
1486 578 1725 626 Tropicum
1741 584 1782 619 Ξῖ)
1798 578 2051 624 versaretur,

405 636 552 673 vertici
561 635 763 682 proxima
771 633 1050 676 scrutabatur,
1061 634 1212 679 utique
1223 632 1410 670 eandem
1420 631 1716 670 Latitudinem
1725 631 1788 670 20.
1798 630 1810 680 l
1816 662 1824 670 .
1834 634 2052 671 minorem

405 689 481 726 esse
497 689 700 735 oportuit,
722 697 856 734 quam
867 688 974 734 jam,
991 686 1046 723 ob
1062 685 1244 723 totidem
1259 685 1357 733 plus
1372 687 1521 723 minus
1535 684 1760 732 scrupulis,
1780 690 1884 724 tunc
1899 685 2052 734 ampli-

405 752 528 779 orem
544 740 763 788 Eclipticae
784 739 1099 786 obliquitatem,
1121 749 1221 786 quae
1242 740 1414 776 tertiam
1430 737 1566 776 ferme
1581 738 1742 786 gradus
1761 744 1944 786 partem,
1964 750 2053 787 qua

405 794 531 832 nobis
547 793 749 831 Latitudo
769 793 823 838 ΣΞ
838 794 1035 830 maxima
1053 794 1099 829 in
1115 791 1408 839 Quadraturis
1423 791 1653 830 Ptolomaei
1673 793 1853 830 inventa
1873 792 2051 838 excedit,

406 847 626 885 absolvere
642 848 793 894 potuit.
815 845 859 884 Si
875 845 1054 893 quidem
1069 844 1205 883 limite
1221 845 1365 883 Boreo
1381 844 1499 892 apud
1515 844 1754 893 Tropicum
1770 851 1811 886 ἐξ»
1828 845 2052 884 constituto

405 903 451 938 in
467 900 549 938 hac
565 900 810 947 Pragmatia
825 898 1102 936 solummodo
1118 898 1219 936 usus
1235 897 1292 936 fit.
1310 898 1378 936 Sic
1395 909 1573 946 quoque
1589 900 1635 936 in
1649 898 1884 937 Nodorum
1899 898 2052 938 altera-

404 956 523 991 tione
539 964 630 990 non
647 955 850 1000 exiguam
866 951 1020 990 subesse
1035 951 1382 999 inaequalitatem
1393 951 1776 999 deprehendimus,
1793 963 1894 1000 quae
1905 957 2054 991 tamen

405 1009 450 1044 in
462 1005 715 1053 Novilunijs
728 1005 765 1043 8(
777 1005 1047 1053 Plenilunijs‚
1063 1010 1157 1043 tum
1174 1016 1351 1052 quoque
1368 1004 1647 1052 quadraturis
1658 1004 1954 1043 insensibiliter
1965 1016 2053 1044 me·

405 1060 527 1097 dium
538 1064 708 1097 motum
719 1060 871 1102 variat,
884 1058 1072 1105 ideoque
1084 1058 1138 1097 ab
1150 1058 1507 1096 antecedentibus
1518 1057 1804 1103 Astronomis,
1817 1060 1892 1106 qui
1903 1059 2053 1107 potiBi-

405 1124 529 1150 mum
552 1112 725 1150 Lunam
748 1114 861 1150 circa
887 1122 939 1149 ea
963 1111 1061 1150 loca
1086 1111 1381 1155 observarunt,
1406 1111 1522 1150 hanc
1548 1111 1837 1150 diversitatem
1861 1123 1953 1150 non
1977 1112 2053 1150 esse

406 1165 768 1209 animadversam,
784 1167 933 1203 minus
948 1167 1111 1202 mirum
1128 1164 1194 1203 est.
1218 1166 1277 1202 At
1293 1166 1339 1202 in
1354 1165 1461 1203 locis
1476 1165 1747 1213 intermedijs
1763 1165 1819 1204 ad
1834 1165 1946 1204 duos
1961 1177 2053 1214 gra-

406 1219 486 1256 dus
502 1220 649 1256 minus
666 1230 757 1256 una
773 1219 941 1266 quarta,
962 1220 1165 1266 vtn'nque
1183 1217 1425 1256 excrescere
1441 1218 1587 1266 potest,
1608 1220 1668 1256 ita
1683 1224 1729 1256 ut
1745 1218 1835 1266 ipsa
1851 1218 2054 1257 Latitudo

407 1272 545 1309 Lunae
569 1283 622 1310 ex
645 1272 727 1310 hac
751 1271 975 1310 occafione
999 1272 1054 1310 ad
1081 1271 1245 1310 sextam
1272 1271 1361 1309 fere
1387 1272 1548 1320 gradus
1570 1277 1739 1319 partem
1762 1273 1889 1320 juxta
1913 1271 2055 1310 nodos

406 1327 554 1373 augeri
571 1325 640 1363 vel
655 1327 798 1363 minui
814 1325 944 1373 possit,
966 1336 1067 1363 cum
1082 1327 1294 1363 nimirum
1309 1325 1365 1363 ad
1381 1325 1529 1363 locum
1545 1325 1655 1363 alias
1675 1325 1734 1363 ibi
1750 1325 1946 1364 medium
1962 1325 2054 1364 dili·

406 1384 553 1426 genter
573 1379 819 1416 attenditur.
844 1377 1049 1424 Quorum
1070 1380 1271 1416 omnium
1293 1377 1370 1416 suo
1391 1378 1489 1416 loco
1511 1378 1548 1416 &
1568 1384 1764 1426 tempore
1785 1390 1808 1417 e
1828 1380 1962 1428 varijs
1981 1379 2054 1418 ob-

406 1431 720 1470 servationibus
746 1432 1000 1470 ulteriorem
1025 1431 1408 1470 confirmationem
1436 1431 1474 1469 8(
1502 1431 1856 1477 declarationem,
1882 1432 2055 1471 volente

407 1485 615 1530 Numine,
632 1484 880 1523 afferemus.
898 1482 913 1535 ΙΙ

2091 807 2121 834 10

2093 1074 2122 1100 15

2091 1339 2123 1366 20

482 1590 538 1629 IT
554 1593 681 1639 igitur
696 1592 737 1629 A
753 1592 882 1639 polus
899 1592 1119 1640 Eclipticae
1136 1591 1315 1630 FIGH:
1337 1591 1442 1630 MH
1452 1591 1517 1631 01
1535 1592 1688 1630 Orbita
1701 1592 1731 1637 J>
1743 1594 1790 1630 in
1801 1592 2055 1642 Novilunijs
2065 1590 2147 1623 028¹

505 1644 542 1682 8(
565 1645 835 1693 Plenilunijs‚
859 1647 904 1683 in
927 1647 1113 1684 minima
1135 1645 1433 1683 inclinatione.
1459 1645 1620 1683 NHPI
1644 1645 1859 1690 Maxima,
1885 1657 1986 1694 quae
2010 1648 2055 1684 in

408 1698 699 1744 Quadraturis
720 1698 778 1743 fit,
804 1699 1042 1737 inclinatio.
1070 1699 1191 1737 CEB
1213 1698 1427 1737 Circellus
1448 1699 1716 1737 Variationis
1736 1701 1822 1737 viae
1843 1699 1982 1738 Lunae
2003 1711 2055 1737 ex

408 1758 556 1789 centro
577 1751 618 1789 D
639 1752 798 1790 mediae
819 1752 1116 1790 inclinationis
1136 1752 1240 1800 polo
1261 1751 1507 1799 descriptus,
1528 1754 1574 1790 in
1595 1764 1684 1800 quo
1704 1752 1737 1790 E
1755 1753 1884 1800 polus
1904 1753 2056 1791 orbitae

408 1805 546 1842 Lunae
563 1811 776 1849 movetur,
793 1805 1032 1843 secundum
1047 1811 1218 1843 motum
1234 1805 1419 1852 duplicis
1435 1817 1551 1843 verae
1568 1805 1778 1844 distantiae
1791 1806 1930 1844 Lunae
1946 1817 1973 1844 a
1991 1807 2055 1851 Θ;

408 1858 445 1895 8(
462 1860 506 1895 111
524 1858 815 1904 Quadraturis
831 1860 877 1896 in
894 1859 931 1897 C
947 1861 1172 1906 reperitur,
1193 1861 1440 1896 maximum
1460 1859 1622 1897 ibidem
1643 1859 1856 1907 angulum
1876 1859 2055 1898 inclina-

406 1913 537 1949 tionis
549 1912 589 1948 Α
598 1911 635 1949 C
653 1911 858 1950 efficiens.
876 1911 993 1950 Cum
1010 1914 1157 1960 itaque
1173 1912 1302 1959 polus
1318 1911 1470 1950 orbitae
1483 1912 1622 1950 Lunae
1635 1912 1719 1950 hoc
1730 1915 1776 1950 111
1787 1913 1885 1951 loco
1896 1912 1942 1951 fit
1953 1914 1998 1951 in
2010 1912 2056 1956 E,

409 1970 453 2002 ut
470 1971 569 2012 pote
586 1967 632 2002 in
648 1967 791 2012 primo
808 1977 834 2003 a
858 1969 892 2008 0‘
917 1964 1100 2009 octante,
1122 1965 1325 2013 sequitur,
1341 1965 1478 2013 ipsam
1495 1966 1681 2004 orbitam
1700 1967 1746 2011 D,
1767 1977 1868 2014 quae
1889 1964 2058 2014 punc'tis

408 2023 558 2055 notata
580 2018 646 2062 est,
667 2021 841 2062 variari,
866 2019 1208 2066 Eclipticamque
1230 2021 1276 2056 in
1297 2019 1385 2057 alio
1406 2025 1537 2066 atque
1559 2019 1647 2057 alio
1668 2019 1924 2058 intersecare
1946 2020 2056 2063 loco.

409 2076 454 2108 ut
471 2077 570 2118 pote
587 2073 632 2108 in
649 2071 688 2109 K
705 2071 742 2109 8(
760 2072 804 2114 L.
827 2078 957 2119 atque
979 2072 1032 2110 fic
1053 2073 1194 2110 nodos
1210 2074 1384 2115 variari,
1406 2074 1540 2120 inque
1561 2073 1864 2112 antecedentia
1884 2084 2057 2121 promo-

409 2126 511 2166 veri.
534 2125 672 2162 donec
689 2125 834 2162 rursus
851 2128 896 2162 in
913 2125 1205 2171 Quadraturis
1222 2128 1267 2163 in
1284 2125 1300 2163 I
1317 2128 1537 2164 vniantur.
1560 2126 1610 2164 Et
1626 2137 1727 2164 cum
1748 2126 1877 2174 polus
1893 2126 2058 2165 Orbitae

413 2178 441 2221 J)
454 2177 640 2215 alterum
652 2177 971 2216 semicirculum
983 2178 1020 2216 C
1029 2178 1069 2225 Q
1078 2179 1111 2216 B
1123 2179 1376 2226 permeabit,
1394 2179 1513 2217 Nodi
1526 2181 1570 2217 in
1583 2179 1910 2227 Consequentia
1920 2185 2057 2218 trans-

409 2229 619 2273 feruntur,
641 2232 780 2269 donec
802 2231 947 2269 rursus
968 2232 1070 2279 polo
1092 2234 1136 2269 in
1159 2232 1192 2270 B
1214 2232 1440 2270 constituto
1462 2235 1681 2270 vniantur.
1707 2233 1824 2271 Cum
1845 2239 1993 2272 autem
2013 2235 2058 2271 in

411 2283 652 2330 Hypothefi
676 2284 758 2322 hac
782 2287 966 2322 minima
990 2285 1216 2323 inclinatio
1240 2285 1334 2323 AB.
1363 2286 1451 2323 FM
1475 2286 1545 2324 vel
1569 2285 1673 2329 GO,
1698 2298 1799 2334 quae
1823 2288 1867 2324 in
1892 2289 1926 2330 0‘
1951 2285 1989 2324 &
2011 2282 2056 2335 σο

410 2337 575 2378 accidit,
600 2343 644 2374 ut
669 2348 721 2374 ex
746 2337 1119 2376 observationibus
1141 2339 1524 2386 deprehendimus,
1548 2339 1593 2377 sit
1613 2341 1649 2377 4.
1672 2339 1714 2377 Ρ.
1736 2340 1799 2378 58.
1823 2338 1848 2387 Ι.
1870 2340 1933 2378 30.
1957 2338 2000 2387 ll.
2021 2338 2059 2377 ἃ

410 2392 605 2427 maxima
622 2392 666 2427 in
684 2390 976 2437 Quadraturis
992 2392 1027 2429 5.
1046 2391 1088 2429 Ρ.
1107 2392 1159 2429 17.
1179 2390 1203 2438 l.
1222 2391 1284 2429 30.
1304 2391 1360 2439 ll..
1383 2395 1444 2429 uti
1465 2395 1586 2439 prius
1602 2391 1776 2434 dictum.
1798 2395 1857 2431 ita
1878 2399 1924 2431 ut
1940 2391 2058 2431 diffe-

411 2445 548 2480 rentia
566 2443 610 2480 Iit
628 2444 680 2481 19.
700 2442 728 2490 l:
753 2444 978 2482 Diameter
995 2447 1204 2482 nimirum
1222 2444 1314 2486 BC.
1332 2446 1400 2482 vel
1418 2445 1531 2483 MN.
1556 2446 1645 2488 ΟΡ.
1668 2446 1859 2494 sequitur
1878 2453 1969 2485 tam
1984 2456 2059 2494 per

411 2495 770 2538 observationem,
797 2509 930 2544 quam
957 2496 1198 2536 doctrinam
1224 2497 1579 2546 Triangulorum.
1605 2501 1800 2538 maxima
1827 2499 2060 2538 Nodorum

1662 2551 2057 2600 Pronhaphaerefis.

2091 1659 2123 1686 25

2093 1925 2125 1951 ³0

2093 2191 2125 2218 3⁵

2095 2456 2127 2483 ⁴⁰
