2164 3246
443 193 1102 232 PROGYMNASMATUM
1124 194 1328 233 PRIMA
1350 196 1500 234 PARS
1733 198 1799 236 175

149 301 269 344 dens,
287 307 378 339 erat
395 300 453 338 H.
470 300 506 338 2.
525 300 588 338 M.
605 300 668 344 20,
686 302 755 338 cui
772 301 825 338 de
842 300 967 338 cursu
992 304 1018 343 Q
1041 301 1213 345 diurno,
1231 303 1378 349 quoad
1390 302 1679 350 AEquatorem
1695 302 1719 351 l.
1737 304 1799 347 54,

149 360 401 402 competunt
419 352 445 401 l.
462 354 498 391 5.
517 352 560 401 ss.
577 354 631 397 15,
649 365 749 401 quae
767 354 915 392 addita
930 354 986 392 ad
1002 354 1096 392 Asc.
1110 354 1155 392 R.
1173 358 1198 397 Q
1217 355 1413 403 superius
1430 368 1455 394 a
1476 358 1518 400 Θ
1538 357 1799 404 inquifitam,

148 408 396 455 producunt
415 406 510 445 Asc.
532 406 578 444 R.
599 410 625 450 Ω
651 406 754 445 huic
777 407 991 455 postremo
1011 407 1220 455 Tempori
1243 410 1534 455 quadrantem
1557 410 1599 448 P.
1622 410 1683 448 37.
1708 409 1732 457 l.
1755 411 1798 448 ll.

150 459 193 509 ll.
210 460 264 498 13.
286 460 406 499 Huic
429 460 575 498 rursus
595 459 801 499 adiuncta
817 460 921 498 Diff.
939 460 1033 498 Asc.
1051 460 1193 499 Red‘tae
1216 465 1241 504 Q
1265 462 1301 499 ἃ
1320 462 1464 500 Calcis
1485 464 1606 510 pedis
1627 466 1659 506 Π
1680 466 1800 511 prius

96 529 112 554 ⁵
148 520 330 562 reperta,
350 520 584 562 promanat
600 513 770 551 Arcens.
788 513 834 551 R.
853 513 998 552 Calcis
1015 514 1207 552 eiusdem
1223 515 1265 552 P.
1283 516 1345 553 89.

150 566 246 616 l.24.
256 566 299 615 ll.
309 567 362 606 13.
376 567 603 614 Quoniam
614 579 720 605 vero
732 566 826 605 Asc.
840 565 992 605 Rectas
1004 568 1060 605 ad
1073 567 1285 606 Lucidam
1299 575 1344 607 V
1569 545 1618 586 Α

148 621 363 660 deducere
375 620 699 669 proposuimus;
716 620 1012 659 subtrahendo
1024 620 1112 659 diff.
1126 621 1345 659 Ascenfio—

148 674 297 713 nalem
312 677 424 712 inter
440 674 653 713 Lucidam
667 680 714 714 V
728 673 766 712 81
779 674 960 713 Calcem
976 674 1099 722 pedis
1118 677 1153 718 II
1166 706 1174 719 ,
1192 687 1244 713 ex
1260 675 1346 713 Ob-

148 727 467 767 seruationibus
493 730 618 766 certis
643 733 808 772 notam,
834 727 878 766 P.
899 727 962 766 63.
985 726 1011 776 Ι.
1032 728 1095 766 28.
1119 727 1162 775 ll.
1182 729 1235 771 10,
1258 731 1347 766 voti

83 795 114 821 ιο
149 787 372 830 compotes
389 784 565 820 erimus.
583 781 859 829 Relinquitur
871 783 990 819 enim
1002 781 1096 819 Asc.
1110 781 1156 819 R.
1169 782 1346 820 Lucidae

151 841 197 876 V
214 835 257 874 P.
273 835 336 874 25.
355 834 381 883 Ι.
398 835 461 874 56.
480 834 523 883 ll.
541 835 576 873 3.
599 835 760 873 Rursus
780 846 886 873 vero
907 841 950 873 vt
971 834 1067 873 haec
1088 835 1143 873 ad
1162 836 1347 873 Annum

149 888 384 928 CHRISTI
413 889 508 927 1585
539 888 807 936 completum
836 895 1169 936 promoueatur,
1199 888 1346 927 secun-

149 942 255 981 dum
275 954 375 981 eam
395 944 739 990 proportionem,
760 954 849 990 qua
868 942 1014 980 Stenae
1031 942 1150 980 Fixae
1171 942 1347 991 fingulis

148 996 292 1034 Annis
318 994 362 1044 ll.
388 997 430 1034 51
456 995 707 1040 conficiunt,
738 995 999 1044 respondent
1028 996 1165 1034 tribus
1190 997 1346 1039 Annis,

84 1063 113 1088 1⁵
149 1049 287 1088 Mens.
300 1050 343 1088 10
353 1049 523 1088 Ascens.
536 1048 678 1088 Rectae
690 1049 894 1088 addenda
905 1051 1009 1087 min.
1022 1049 1058 1087 3.
1073 1048 1116 1097 ll.
1130 1049 1182 1087 12.
1200 1050 1346 1087 Prodi·
1376 1043 1409 1084 C

148 1102 295 1151 bitque
315 1102 519 1141 Ascenfio
540 1102 670 1142 Recta
690 1103 868 1141 Lucidae
892 1109 938 1143 V
958 1104 1094 1141 Anno
1115 1103 1210 1141 1585
1231 1115 1346 1141 com·
1772 1115 1803 1154 B

148 1156 264 1204 pleto
274 1156 318 1195 P.
329 1156 393 1195 25.
407 1155 433 1205 l.
445 1157 508 1195 59.
522 1155 566 1205 sl.
578 1157 632 1201 15,
650 1168 786 1204 quam
801 1159 862 1195 ita
877 1158 1113 1204 inquirere,
1130 1156 1254 1195 nulla
1270 1157 1346 1195 ha·
1372 1172 1410 1212 D
1774 1187 1806 1228 E

147 1209 237 1249 bita
255 1212 425 1249 ratione
446 1210 730 1249 Parallaxeos
751 1210 822 1248 vel
842 1208 1129 1248 Refractionis
1152 1211 1346 1248 intende-

147 1263 316 1302 bamus.
332 1264 500 1302 Verum
515 1263 625 1308 haec,
641 1275 742 1302 cum
759 1275 824 1308 ea,
842 1275 943 1312 quae
959 1266 1054 1311 pari
1067 1266 1236 1302 ratione
1248 1265 1383 1302 Anno
1396 1265 1489 1303 1585
1504 1272 1675 1313 reperta
1686 1272 1729 1303 vt
1741 1265 1798 1303 se-

80 1329 114 1355 20
148 1318 306 1365 quitur,
328 1317 595 1356 conferenda
614 1320 745 1362 venit,
767 1329 856 1365 quo
877 1320 1022 1355 verior
1043 1323 1174 1365 atque
1195 1317 1497 1356 Parallaxibus
1518 1317 1798 1356 Refractioni-

147 1370 310 1418 busque
325 1382 418 1409 non
434 1371 628 1410 obnoxia
644 1372 963 1416 determinatio,
981 1371 1190 1409 eliciatur.
1208 1368 1222 1421 ΙΙ

68 1430 122 1462 171
200 1425 335 1463 Anno
356 1425 463 1469 1585,
485 1424 571 1463 Die
591 1425 631 1463 15
648 1424 864 1473 Septemb.
882 1424 993 1463 Hor.
1011 1425 1046 1463 6.
1065 1424 1128 1462 M.
1145 1425 1208 1463 55.
1225 1426 1278 1462 A.
1297 1425 1359 1462 Μ.
1384 1425 1597 1463 Distantia
1618 1428 1728 1463 inter
1753 1428 1795 1470 Θ

148 1476 186 1516 81
208 1481 235 1522 Q
257 1477 301 1516 P.
316 1479 380 1517 45.
399 1477 424 1527 l.
441 1478 515 1519 482}
535 1478 821 1527 depraehensa
841 1478 909 1523 est,
931 1478 970 1516 &
989 1490 1078 1516 vna
1095 1478 1237 1516 Decli-
1533 1483 1572 1532 Α

147 1533 266 1570 natio
289 1535 317 1575 Ω
339 1532 439 1570 Bor.
458 1532 501 1570 P.
518 1532 571 1570 13.
594 1531 619 1580 l.
637 1532 722 1572 59:37.
743 1532 830 1570 Alt.
855 1534 898 1576 (D
923 1532 965 1570 P.
983 1532 1019 1576 8,
1040 1538 1084 1570 vt
1104 1534 1236 1579 prius.

79 1597 112 1622 25
147 1584 264 1623 Altit.
288 1588 315 1629 Q
337 1585 381 1624 Ρ.
397 1585 450 1630 41,
468 1588 601 1624 etiam
617 1597 709 1624 non
724 1586 915 1624 muitum
931 1586 985 1624 ab
1002 1585 1078 1624 illa
1093 1587 1237 1633 priore

147 1637 362 1677 differens.
380 1639 522 1677 Locus
538 1641 581 1684 Θ
599 1651 622 1678 6
636 1641 824 1687 proprijs
834 1639 1015 1678 Tabu1is
1033 1645 1238 1686 exceptus

147 1692 193 1730 in
209 1691 252 1730 P.
263 1692 290 1730 1.
303 1690 404 1740 l.50.
418 1691 524 1741 ll.47
541 1697 599 1736 Ξ..
616 1693 711 1731 Asc.
728 1691 859 1731 Recta
874 1693 917 1731 P.
930 1693 999 1731 181.
1013 1691 1038 1740 l.
1051 1692 1103 1730 41.
1118 1691 1161 1740 ll.
1174 1693 1236 1730 45.

148 1744 314 1784 Declin.
327 1746 439 1785 Mer.
452 1747 495 1785 P.
507 1747 543 1785 Ο.
558 1745 658 1795 l.44.
673 1745 716 1795 ll.
729 1747 781 1785 10.
799 1746 919 1785 Hinc
935 1746 1029 1784 Asc.
1048 1746 1093 1784 R.
1110 1749 1135 1789 Q
1155 1746 1237 1784 hac

147 1799 354 1838 methodo
368 1799 585 1848 patefacta
601 1800 668 1839 est.

80 1863 114 1890 ³0
200 1852 250 1891 In
273 1853 477 1902 assignata
501 1854 661 1903 Figura
685 1853 731 1892 fit
756 1854 790 1892 B
820 1855 879 1899 Θ.
907 1853 943 1892 C
972 1856 1013 1896 Q.
1039 1854 1080 1890 A
1106 1852 1237 1890 Polus

147 1905 412 1954 AEquatoris,
442 1907 613 1956 reliqua
641 1919 719 1955 per
747 1907 787 1945 se
817 1913 934 1945 nota.
971 1906 1237 1954 Triangulus

148 1959 274 1998 BAC
294 1960 396 2000 data
413 1961 545 2000 habet
561 1963 714 2000 omnia
729 1963 812 1999 tria
827 1961 996 1999 Latera.
1019 1960 1138 1998 Nam
1155 1960 1237 1997 BA

148 2013 307 2052 constat
328 2026 382 2053 ex
405 2014 527 2054 Decl.
552 2017 612 2060 Θ,
636 2027 737 2053 cum
759 2014 806 2052 fit
824 2014 1030 2052 Austrina
1052 2014 1108 2051 ad
1131 2025 1236 2060 qua·
1750 1998 1785 2038 C

147 2066 345 2106 drantem
367 2068 527 2113 addita,
551 2069 594 2107 P.
615 2069 678 2107 90.
702 2067 727 2116 l.
749 2069 834 2107 443.
860 2068 957 2111 CA,
979 2067 1022 2104 P.
1044 2067 1107 2105 76.
1131 2065 1155 2110 l.
1177 2066 1236 2110 0³..

79 2129 112 2156 3⁵
148 2119 390 2169 Complem.
408 2122 729 2161 Declinationis
749 2125 792 2165 Ω.
810 2121 889 2160 BC
907 2121 962 2159 est
978 2120 1067 2168 ipsa
1083 2120 1237 2158 distan-

146 2175 205 2212 tia
223 2175 266 2219 Ε)
286 2174 324 2213 &
339 2175 524 2214 Veneris
542 2176 584 2214 P.
602 2177 664 2214 45.
684 2175 709 2223 l.
726 2175 811 2215 48¹2.
834 2175 946 2223 Ergo
968 2173 1238 2221 cognoscitur
1265 2152 1302 2191 D
1314 2196 1401 2241 V
1758 2186 1791 2223 E

146 2226 346 2276 Angulus
357 2229 490 2274 BAC,
502 2229 545 2267 P.
557 2229 621 2268 43.
635 2228 660 2277 l.
673 2229 736 2268 48.
751 2228 794 2277 ll.
807 2229 870 2273 35,
886 2227 1130 2266 Discrimen
1142 2226 1236 2265 Asc.

150 2281 193 2325 Θ
203 2280 290 2326 819,
298 2283 416 2330 quod
425 2281 689 2321 subtractum
696 2282 751 2321 ab
758 2282 852 2320 Asc.
862 2282 907 2319 R.
918 2281 1031 2320 Solis
1040 2280 1237 2328 superius
1291 2269 1321 2307 Β

146 2343 222 2380 per
245 2335 396 2374 datum
420 2336 569 2374 locum
590 2339 684 2375 eius
705 2342 822 2380 nota,
849 2340 1047 2373 remanet
1068 2333 1161 2372 Asc.
1184 2332 1314 2372 Recta
1336 2337 1361 2376 Q
1384 2333 1425 2371 P.
1449 2333 1527 2371 137.
1551 2332 1576 2380 l.
1596 2333 1658 2371 53.
1682 2332 1724 2380 ll.
1745 2334 1795 2371 10.

79 2396 113 2422 4ο
147 2386 290 2426 Antea
299 2400 405 2427 vero
417 2389 502 2428 Die
519 2390 688 2434 eodem,
706 2390 817 2428 Hor.
830 2390 866 2428 5.
879 2389 943 2426 M.
956 2388 1008 2426 15.
1021 2388 1074 2425 A.
1088 2387 1151 2425 Μ.
1169 2387 1383 2425 Distantia
1399 2389 1510 2424 inter
1525 2390 1550 2429 Q
1567 2386 1796 2424 &inferius

147 2438 291 2489 Caput
309 2444 344 2485 ΙΙ
364 2443 617 2490 capiebatur
637 2443 680 2481 P.
697 2443 760 2482 29.
779 2442 804 2491 l.
821 2444 907 2482 474.
930 2441 1179 2480 Declinatio
1199 2444 1225 2483 Q
1245 2441 1287 2478 P.
1303 2441 1354 2478 14.
1375 2439 1399 2487 l.
1414 2441 1456 2479 03
1478 2440 1630 2477 Borea.
1654 2440 1795 2477 Decli-

147 2495 265 2532 natio
286 2495 443 2535 Merid.
461 2496 629 2545 Capitis
656 2500 690 2540 JI
717 2497 760 2535 Ρ.
777 2497 840 2535 28.
860 2495 885 2544 s.
902 2496 952 2534 57
974 2495 1072 2532 Bor.
1095 2506 1148 2532 ex
1169 2494 1266 2542 alijs
1289 2493 1678 2532 obseruationibus
1699 2493 1795 2530 satis

1674 2554 1792 2583 nota:
