2326 3277
476 247 526 284 24
851 238 1304 279 ASTRONOMIAE
1325 236 1747 276 INSTAURATAE

892 373 1309 418 ADMONITIO
1331 371 1694 416 AVTHORIS.

522 457 562 493 N
582 455 700 492 hunc
716 453 910 495 modum,
932 462 1012 488 nos
1028 461 1105 498 per
1121 451 1410 497 quinquennij
1429 454 1655 487 accuratas
1671 450 1717 486 in
1733 448 1875 486 Solari
1891 447 2016 486 cursu
2033 448 2119 487 Ob-

477 457 516 546 Ι
534 508 811 547 seruationes,
829 506 1077 552 Apogaeum
1092 503 1129 541 &
1144 503 1516 541 Eccentricitatem
1533 504 1638 546 eius,
1656 504 1702 539 in
1718 502 1912 539 debitum
1928 501 2053 539 situm
2069 513 2119 540 ac

474 561 722 599 mensuram
737 559 1008 596 restituimus.
1025 557 1191 594 Verum
1208 558 1313 603 quia
1329 567 1383 593 ex
1398 557 1463 603 ijs,
1483 567 1594 603 quas
1611 566 1730 592 anno
1747 555 1841 593 1583
1858 553 2010 593 nadtus
2026 554 2121 592 sum

474 612 952 654 Animaduerfionibus‚
972 610 1066 647 haec
1083 611 1320 657 perexiguo
1337 609 1580 647 discrimine
1597 608 1722 646 aliter
1737 609 1890 655 reperi,
1908 619 1931 646 e
1948 607 2119 655 quibus,

475 679 527 705 ea
543 678 642 714 quae
659 672 789 704 antea
805 667 850 702 in
867 663 1231 711 Ephemeridibus
1250 664 1309 706 Θ,
1332 661 1660 700 Mathematicis
1678 660 1938 708 quibusdam
1953 662 2120 699 Amicis

475 720 624 758 nostris
640 719 978 761 communicaui,
996 717 1224 763 depromta
1239 715 1346 759 sunt,
1363 715 1481 753 lubet
1493 717 1625 753 etiam
1638 716 1731 752 eius
1743 716 2013 752 inuentionis
2023 713 2119 752 fun-

475 774 681 811 damenta
701 772 738 809 &
759 768 1160 818 superstrutftionem
1180 768 1252 806 hie
1273 774 1499 812 annotare,
1521 774 1564 806 vt
1585 767 1778 806 constare
1798 768 1916 815 possit
1933 767 2047 806 vnde
2068 778 2121 806 ea

475 825 693 864 minutula
708 824 953 863 differentia
969 829 1063 861 orta
1074 822 1131 860 fit.
1150 822 1347 860 Breuiter
1358 824 1505 869 itaque
1518 823 1669 859 omnia
1681 832 1781 869 quae
1793 821 1880 859 huc
1891 822 2120 868 requirun-

474 886 554 923 tur,
572 878 786 917 indicabo.

527 932 597 970 Ad
614 943 782 970 annum
799 930 905 974 1583,
922 941 975 967 ex
991 931 1043 977 ijs
1060 940 1169 976 quas
1185 934 1287 966 tunc
1303 928 1439 966 habui
1455 928 1510 966 ad
1523 927 1671 966 Solem
1682 927 2040 971 Aduerfionibus,
2056 929 2120 965 in·

474 985 709 1023 teruallum
730 984 783 1022 ab
803 990 848 1023 V
868 985 914 1020 in
937 986 978 1025 ἕ
999 982 1194 1020 constitui
1215 982 1386 1019 dierum
1407 981 1486 1019 186.
1505 981 1562 1018 H.
1581 981 1634 1019 18.
1652 981 1715 1018 M.
1732 981 1786 1025 41,
1808 980 1943 1028 paulo
1963 982 2120 1025 maius,

816 1064 857 1096 Η
1193 1046 1327 1082 quam
1336 1035 1379 1072 id
1389 1034 1507 1082 quod
1517 1034 1650 1072 modo
1660 1035 1889 1072 assumtum
1899 1033 1966 1078 est,
1975 1039 2121 1082 vtpote

1194 1089 1224 1125 11
1236 1090 1390 1125 minut.
1402 1087 1710 1125 tantummodo
1722 1087 1948 1125 excedens.
1961 1087 2030 1126 Ab
2042 1089 2121 1126 ini-

1069 1163 1114 1202 0,
1192 1143 1252 1178 tio
1272 1152 1377 1179 vero
1400 1147 1446 1181 V
1469 1143 1515 1178 in
1535 1141 1703 1179 medias
1723 1146 1867 1188 partes
1887 1143 1928 1185 *0³
1951 1141 2123 1179 dierum

1193 1194 1255 1232 46.
1269 1194 1327 1232 H.
1340 1194 1364 1232 2
1376 1194 1439 1232 M.
1452 1194 1519 1232 48:
1536 1194 1616 1232 alo
1627 1194 1764 1242 gradu
1780 1195 1819 1239 Ω
1837 1194 1893 1232 ad
1909 1197 1951 1237 g
1966 1195 2122 1242 princi-

1193 1250 1328 1295 pium,
1339 1247 1510 1285 dierum
1519 1248 1573 1286 51.
1585 1247 1643 1286 H.
1655 1248 1708 1286 15.
1719 1247 1783 1285 Μ.
1792 1247 1845 1285 10.
1856 1247 1921 1286 Ex
1929 1248 1997 1286 his
2004 1249 2122 1295 Apo-

1193 1312 1338 1349 gaeum
1355 1300 1392 1338 8(
1409 1301 1782 1339 Eccentricitatem
1797 1306 1900 1339 tunc
1915 1302 2124 1349 temporis

1123 1383 1172 1412 ν,
1193 1354 1354 1392 deduxi
1370 1356 1416 1392 in
1432 1354 1550 1392 hunc
1565 1354 1761 1392 modum.
1778 1350 1793 1404 ΙΙ

1193 1460 1476 1509 AEquinodtia
1492 1466 1772 1509 comparatae,
1785 1461 1824 1499 8(
1834 1461 2030 1500 adhibita
2041 1460 2124 1500 hac

1194 1515 1500 1559 delineatione,
1511 1515 1890 1562 procedendoque,
1897 1519 1941 1552 vt
1950 1516 1996 1552 in
2005 1520 2124 1553 ante·

1195 1568 1458 1612 cedentibus,
1484 1570 1689 1615 prouenit
1706 1569 1848 1606 Arcus
1873 1567 1970 1615 TQ,
1996 1567 2039 1606 P.
2060 1568 2123 1606 45.

1196 1620 1297 1669 l.27.
1312 1620 1422 1669 ll.16,
1439 1623 1582 1660 Arcus
1597 1621 1740 1666 THL,
1758 1621 1800 1659 P.
1818 1621 1898 1660 184.
1912 1619 1987 1669 l.5.
2002 1619 2045 1669 ll.
2059 1621 2124 1666 50,

814 1662 853 1698 0
1195 1676 1336 1713 Arcus
1353 1674 1489 1718 LOT,
1506 1675 1549 1713 Ρ.
1567 1675 1646 1713 175.
1666 1673 1691 1722 s.
1708 1675 1771 1713 54.
1790 1673 1834 1722 ss.
1851 1675 1904 1712 10.
1922 1674 2125 1723 Angulus

475 1729 600 1776 TEQ
612 1729 666 1767 est
679 1730 721 1767 P.
734 1730 795 1767 45.
811 1728 836 1777 l.
849 1730 886 1773 0,
901 1729 1103 1776 Angulus
1116 1728 1249 1775 QPT,
1262 1728 1304 1766 P.
1318 1728 1379 1766 22.
1395 1727 1420 1775 Ι.
1433 1728 1495 1766 43.
1510 1727 1553 1775 ll.
1567 1728 1629 1772 38,
1646 1728 1849 1776 Angulus
1861 1727 1988 1773 PTR,
2005 1728 2048 1766 P.
2060 1727 2123 1766 22.

477 1782 502 1831 l.
521 1783 572 1821 16.
592 1781 634 1830 ll.
652 1783 715 1827 22,
736 1784 878 1820 Arcus
899 1782 982 1826 PL,
1004 1782 1046 1819 P.
1063 1783 1126 1819 44.
1145 1780 1170 1829 l.
1188 1782 1251 1819 32.
1270 1780 1313 1829 ll.
1331 1782 1393 1825 44,
1415 1783 1556 1819 Arcus
1578 1781 1711 1825 POT,
1735 1781 1777 1819 P.
1796 1781 1866 1820 131.
1885 1780 1911 1829 l.
1927 1781 1981 1819 21.
2000 1779 2044 1829 ll.
2061 1781 2124 1826 26,

477 1838 600 1874 cuius
617 1836 797 1874 Chorda
813 1835 898 1880 PT,
921 1835 1134 1878 18224992,
1152 1836 1292 1873 Arcus
1309 1834 1491 1881 POTQ,
1513 1835 1555 1873 P.
1574 1835 1653 1873 176.
1673 1833 1698 1882 l.
1715 1835 1778 1873 48.
1797 1833 1809 1882 l
1815 1833 1827 1882 Ι
1834 1866 1840 1872 .
1858 1835 1921 1873 42.
1944 1834 2126 1874 Chorda

476 1901 579 1927 vero
596 1889 687 1936 PQ,
705 1889 917 1933 19992258,
934 1891 1159 1936 proportio
1175 1888 1247 1926 PE
1263 1888 1318 1926 ad
1336 1888 1407 1926 PR
1424 1888 1526 1926 ficut
1543 1888 1745 1926 10000000
1755 1889 1811 1926 ad
1823 1888 2011 1932 7071068,
2027 1899 2124 1936 pro-

476 1945 616 1990 portio
628 1942 701 1980 TP
713 1943 768 1980 ad
780 1943 865 1985 PR,
882 1942 985 1980 ficut
1001 1942 1203 1980 10000000
1218 1943 1274 1980 ad
1289 1941 1477 1985 3790165,
1494 1948 1640 1979 tantus
1657 1944 1819 1980 etenim
1835 1941 1891 1980 est
1906 1941 2022 1980 finus
2033 1942 2124 1980 An-

476 1996 563 2044 guli
576 1996 701 2039 PTL‚
717 2007 818 2044 ergo
830 1996 1029 2043 qualium
1041 1995 1127 2038 ΤΡ,
1145 1995 1358 2038 18224992,
1375 1995 1530 2033 talium
1542 1995 1613 2033 PR
1626 1995 1822 2039 6907573,
1839 1995 1877 2033 8(
1893 2006 1970 2043 per
1981 1995 2124 2034 conse-

476 2061 615 2096 quens
627 2049 699 2086 PE
711 2049 914 2087 fimilium
926 2049 1122 2092 9768783,
1140 2060 1276 2096 quare
1289 2049 1458 2095 reliqua
1470 2048 1503 2086 E
1512 2048 1564 2095 Q,
1582 2048 1795 2091 10223475,
1813 2060 1839 2086 a
1855 2060 1944 2096 qua
1959 2048 2126 2087 sublata

477 2102 570 2148 QV,
593 2103 780 2145 9996129,
805 2103 984 2140 dimidia
1007 2102 1205 2140 videlicet
1229 2102 1358 2149 ipfius
1380 2101 1458 2149 QP
1479 2102 1648 2140 residua
1670 2107 1818 2140 manet
1841 2102 1931 2145 EV,
1954 2101 2124 2141 227346.

477 2155 865 2203 Complementum
889 2155 1070 2202 POTQ.
1097 2156 1151 2193 ad
1175 2155 1508 2193 Semicirculum
1532 2155 1586 2193 est
1610 2155 1651 2193 P.
1673 2155 1709 2193 3.
1733 2154 1757 2202 Ι.
1781 2156 1824 2193 11.
1848 2154 1891 2203 ll.
1913 2155 1967 2198 18,
1993 2155 2125 2194 huius

477 2208 592 2246 finus
614 2209 774 2251 556182,
798 2211 892 2246 eius
915 2209 1146 2246 dimidium
1169 2209 1329 2250 278091,
1354 2209 1471 2256 quod
1496 2209 1668 2256 aequale
1690 2208 1744 2246 est
1766 2208 1857 2246 ZV.
1883 2209 1995 2257 Ergo
2015 2209 2126 2247 datis

477 2262 648 2299 duobus
672 2262 898 2300 Lateribus
923 2262 1000 2299 EV
1025 2261 1061 2299 &
1085 2262 1163 2299 ZV
1188 2264 1300 2300 circa
1324 2261 1515 2303 Redtum.
1539 2264 1742 2309 prouenit
1766 2262 1969 2311 Angulus
1991 2262 2125 2305 ZEV,

478 2315 518 2352 P.
537 2315 598 2352 50.
619 2313 643 2362 l.
661 2316 724 2357 44,
746 2317 821 2362 qui
842 2318 1017 2352 metitur
1039 2315 1282 2353 distantiam
1303 2316 1357 2353 ab
1375 2316 1573 2363 Apogaeo
1590 2316 1645 2354 ad
1662 2315 1854 2353 mediam
1875 2322 2044 2363 partem
2067 2318 2125 2360 8.

478 2368 610 2406 Latus
627 2371 757 2406 etiam
775 2369 850 2406 ZE
868 2369 1013 2406 euadit
1030 2369 1190 2410 359194.
1209 2369 1408 2416 qualium
1425 2375 1539 2406 totus
1556 2369 1670 2407 finus
1688 2369 1900 2407 10000000.
1918 2369 2126 2407 Prouenit

479 2422 781 2459 Eccentricitas
806 2422 848 2459 P.
866 2422 900 2458 2.
921 2421 945 2468 l.
963 2422 998 2459 9.
1019 2420 1132 2468 ll.18.
1159 2422 1358 2468 qualium
1383 2421 1714 2460 Semidiameter
1739 2422 1974 2461 Eccentrici
1999 2422 2062 2464 60.
2087 2422 2126 2461 &

477 2476 724 2522 Apogaeum
741 2475 852 2512 cadit
869 2477 913 2512 in
931 2475 972 2512 P.
990 2476 1025 2513 5.
1045 2474 1070 2521 l.
1088 2476 1137 2512 44
1155 2481 1207 2515 010.

532 2528 579 2565 In
605 2528 741 2565 altero
768 2539 943 2575 quoque
970 2527 1046 2565 situ
1072 2529 1126 2566 ad
1153 2529 1194 2566 10
1222 2530 1259 2572 Ω
1289 2529 1485 2576 gradum.
1513 2528 1826 2567 considerando
1851 2529 1986 2567 aliam
2011 2528 2125 2568 hanc

1923 2582 2126 2631 Figuram

2162 883 2193 909 10

2163 1150 2194 1175 15

1111 1419 1162 1452 -p
1246 1408 1392 1446 Primo
1408 1407 1559 1446 habita
1570 1410 1739 1446 ratione
1750 1407 1995 1446 medietatis
2011 1410 2052 1452 8
2068 1408 2124 1446 ad
2157 1415 2199 1447 27

2163 1683 2196 1709 25

2163 1950 2197 1976 30

2164 2217 2198 2242 35
