2243 3225
388 215 455 252 412
760 207 1214 248 ASTRONOMIAE
1235 206 1658 246 INSTAURATAE

1172 313 1243 350 III.

492 379 545 417 IE
569 379 610 416 18
630 376 809 425 Augusti
833 375 1025 414 eiusdem
1045 376 1178 419 Anni,
1203 374 1314 412 Hor.
1336 375 1371 412 7.
1397 374 1509 412 Min.
1532 374 1583 413 26
1603 374 1711 413 AM.
1735 374 1816 414 fuit
1835 375 2034 415 Altitudo
2071 385 2092 416 †

388 383 485 472 D
503 432 735 479 superioris
751 441 888 467 cornu
905 429 1070 466 Lunae
1060 440 1106 465 in
1122 428 1376 466 Meridiano
1392 433 1499 475 part.
1516 428 1579 466 52.
1598 424 1733 478 11111111.
1750 429 1786 467 0.
1811 428 2034 468 Inferioris
2058 437 2118 470 461

386 492 490 534 part
504 483 586 531 51.)
593 484 701 523 .1·29
694 483 911 529 ,Ideoque
928 487 1018 520 tota
1034 481 1261 519 Diameter
1278 481 1417 519 Lunae
1434 481 1477 519 P.
1494 481 1530 519 Ο.
1549 479 1574 529 l.
1592 481 1677 526 301,
1695 482 1814 529 quod
1830 494 1931 521 cum
1947 482 2033 522 Co-

386 483 612 587 pernicaelis
621 537 789 584 placitis
798 537 995 583 apprime
1004 536 1225 572 conuenit:
1237 534 1339 572 Erat
1348 536 1495 581 itaque
1501 534 1700 573 Altitudo
1707 535 1858 574 Centri
1864 537 2033 583 part.51.
2071 550 2088 576 ⁵

388 592 399 640 Ι
406 623 412 630 .
426 592 493 631 44“
482 615 509 635 ,
527 603 553 628 3
565 602 652 637 qua
663 590 692 627 fi
704 589 927 627 auferatur
939 588 1140 626 Eleuatio
1151 587 1406 634 AEquatoris
1420 587 1554 625 huius
1565 588 1650 626 loci
1661 588 1819 636 saepius
1829 589 2034 635 indicata,

386 644 553 682 restabit
570 643 817 681 Declinatio
833 641 922 679 visa
937 641 1077 679 Lunae
1096 646 1203 688 part.
1221 641 1274 679 17.
1293 639 1319 688 l.
1336 640 1422 684 3921»,
1444 652 1633 689 cumque
1650 653 1755 680 vera
1774 641 1903 680 fuerit
1919 642 1962 681 P.
1979 642 2033 682 18.

388 697 413 746 l.
431 698 471 736 13
493 697 601 744 (erat
622 698 739 734 enim
756 695 1001 742 Longitudo
1017 694 1157 732 Lunae
1179 695 1292 732 circa
1310 694 1591 732 medietatem
1606 694 1657 733 27
1673 695 1833 743 gradus
1856 698 1912 740 Π,
1933 707 2035 734 611111

386 751 632 789 Latitudine
648 754 754 797 part.
767 750 803 787 5.
817 747 919 796 l.14÷¹2
931 747 1061 794 Mer.)
1077 747 1257 786 Sublata
1272 749 1408 795 priori
1424 748 1478 786 ab
1495 747 1578 786 hac
1593 748 1782 795 prodibit
1793 748 2035 788 Parallaxis

386 805 524 842 Lunae
534 804 576 841 P.
587 804 622 841 Ο.
635 802 755 851 1331,
769 813 868 849 quae
879 801 1113 848 Copernici
1125 800 1405 838 traditionem
1416 800 1694 840 solummodo
1705 803 1725 841 ὲ
1736 804 1842 840 111111.
1855 802 2034 842 excedit.
2076 816 2106 843 ιο

438 858 582 904 Atque
606 856 701 894 1186
724 856 776 893 (16
799 854 935 892 tribus
957 854 1175 902 prioribus
1199 853 1430 898 sufficiant;
1455 854 1588 893 Nunc
1610 860 1757 894 ternas
1780 855 1891 894 ah‘as
1913 861 2036 895 extra

386 910 686 948 Meridianum
707 909 957 947 obseruatas
977 908 1231 955 adiungam,
1253 907 1433 955 quando
1452 908 1580 947 Luna
1600 910 1723 947 iuxta
1742 909 1795 948 90
1815 909 2035 958 Eclipticae

385 964 439 1002 ab
452 963 695 1001 Horizonte
707 962 891 1010 gradum
903 966 1005 1006 erat,
1018 967 1120 999 tunc
1132 961 1303 999 nullam
1315 960 1609 999 differentiam
1619 962 1924 1010 Longitudinis
1934 962 2036 1002 visae

386 1016 423 1054 &
443 1028 559 1054 verae
579 1015 816 1059 infinuans,
839 1015 909 1052 sed
932 1020 1068 1053 totam
1088 1016 1134 1052 in
1156 1014 1452 1052 Latitudinem
1473 1021 1663 1060 vertens;
1688 1015 1865 1054 Collata
1887 1018 2035 1065 itaque

386 1070 631 1108 Latitudine
648 1080 752 1107 vera
768 1068 961 1107 facilima
978 1070 1056 1106 erit
1072 1067 1353 1106 Parallaxeos
1370 1068 1653 1117 inuestigatio.
2075 1083 2105 1110 15

1163 1148 1255 1186 IIII.

462 1211 593 1250 NNO
610 1211 716 1255 1586,
734 1210 818 1248 Die
830 1210 880 1248 23
893 1210 1169 1258 Septembris,
1186 1210 1297 1248 Hor.
1310 1209 1346 1248 3.
1360 1210 1472 1248 Min.
1484 1211 1509 1249 9
1525 1210 1615 1258 post
1629 1210 1824 1250 mediam
1835 1210 2034 1257 Noctem,

496 1265 674 1312 quando
692 1264 818 1302 Luna
838 1269 929 1302 erat
950 1266 1072 1302 iuxta
1091 1264 1143 1302 90
1159 1263 1380 1311 Eclipticae
1401 1264 1455 1302 ab
1475 1264 1722 1302 Horizonte
1742 1265 1940 1313 gradum,
1961 1265 2034 1304 ob-

385 1318 556 1356 seruaui
579 1318 804 1365 diligenter
825 1317 976 1356 Centri
999 1320 1093 1355 eius
1114 1317 1454 1365 Longitudinem
1473 1317 1610 1356 visam
1635 1318 1752 1366 (quae
1773 1330 1861 1357 vna
1881 1323 1927 1357 vt
1945 1318 2035 1357 dixi

385 1383 488 1409 vera
504 1371 599 1417 fuit)
616 1373 661 1409 in
677 1376 783 1418 part.
796 1372 832 1409 7.
847 1369 872 1418 Ι.
885 1371 935 1409 25
955 1373 990 1414 Π
1002 1402 1010 1415 ,
1028 1370 1066 1408 8(
1082 1371 1286 1409 Latitudo
1299 1370 1389 1409 visa
1402 1372 1490 1408 vna
1507 1371 1932 1419 depraehendebatur
1941 1372 1985 1411 P.
1996 1373 2033 1411 4.
2072 1385 2105 1412 20

387 1423 411 1472 l.
422 1425 490 1464 391»
505 1424 661 1462 Merid.
674 1425 731 1462 At
742 1436 846 1462 vera
855 1424 1058 1462 Latitudo
1068 1424 1307 1462 secundum
1317 1424 1507 1463 nostram
1516 1427 1873 1464 numerationem
1881 1431 1989 1473 part.
1997 1426 2034 1464 4.

386 1481 537 1516 minut.
551 1479 577 1515 1.
595 1478 709 1525 Quae
726 1478 891 1516 sublata
903 1489 929 1516 3
941 1477 1030 1516 visa
1041 1477 1248 1525 relinquit
1258 1480 1444 1516 minimo
1457 1480 1640 1527 negocio
1652 1478 1905 1518 Parallaxin
1916 1491 2034 1527 quae-

385 1531 506 1569 fitam
522 1536 627 1579 part.
645 1531 681 1569 Ο.
700 1530 725 1579 l.
743 1532 827 1574 385,
850 1543 985 1579 quarn
1002 1531 1211 1570 Canones
1229 1531 1501 1579 Coperniani
1522 1532 1705 1570 dimidio
1726 1544 1904 1580 quoque
1923 1532 2035 1572 scru-

385 1585 490 1632 pulo
510 1587 728 1622 minorem
749 1585 946 1623 reddunt.
969 1584 1037 1623 Sic
1059 1585 1216 1622 eodem
1232 1584 1450 1633 Tempore
1466 1585 1546 1624 fuit
1562 1585 1790 1624 Diameter
1805 1586 1945 1625 Lunae
1961 1586 2035 1626 ob-

385 1638 553 1676 seruata
569 1638 770 1681 111111321,
788 1638 903 1676 hanc
920 1640 1051 1676 etiarn
1065 1638 1340 1686 Copernicea
1356 1640 1467 1677 ratio
1479 1641 1552 1677 vix
1566 1639 1724 1678 semisse
1735 1641 1866 1678 vnius
1876 1642 2035 1679 minuti
2071 1653 2104 1679 25

385 1692 673 1739 angustiorem
694 1691 888 1738 postulat.
911 1692 1007 1730 Fuit
1024 1698 1173 1730 autem
1189 1692 1389 1730 Altitudo
1406 1692 1558 1731 Centri
1575 1693 1726 1737 Lunae,
1748 1705 1849 1732 cum
1865 1699 2034 1733 antece-

385 1745 491 1782 dens
509 1745 765 1783 Obseruatio
782 1744 924 1789 fiebat,
942 1746 1014 1785 49⁷5—
1030 1748 1242 1793 proxime.
1260 1742 1275 1795 ΙΙ

1181 1817 1230 1854 V.
2057 1824 2119 1858 462

491 1878 544 1915 IE
556 1878 606 1915 24
620 1877 817 1916 Octobris
830 1878 1022 1917 eiusdem
1031 1880 1164 1922 Anni,
1178 1878 1288 1917 Hor.
1302 1879 1337 1917 6.
1351 1879 1462 1917 Min.
1477 1880 1518 1918 12
1530 1880 1619 1928 post
1629 1881 1824 1919 mediam
1835 1879 2033 1926 Noctem,

504 1931 676 1969 Lunam
692 1932 746 1969 ad
764 1933 815 1970 90
826 1933 880 1970 ab
893 1932 1138 1970 Horizonte
1155 1933 1340 1980 gradum
1357 1933 1642 1977 constitutam.
1660 1933 1945 1982 depraehendi
1961 1933 2034 1973 ob·
2070 1946 2104 1973 30

385 1986 520 2022 tinere
537 1991 642 2032 part.
661 1985 722 2023 27.
743 1984 767 2032 l.
785 1986 808 2023 5
826 1991 878 2029 (Ξῖ),
900 1992 989 2024 13111
1007 1993 1269 2033 apparenter
1285 1998 1421 2034 quam
1437 1998 1551 2025 vere.
1569 1987 1887 2033 Jnueniebatur
1903 1989 2035 2027 etiam

385 2037 472 2075 visa
490 2038 691 2076 Latitudo
709 2041 801 2076 eius
819 2039 860 2076 Ρ.
878 2040 913 2078 5.
933 2038 958 2087 Ι.
975 2040 1038 2078 50.
1056 2041 1113 2077 Α1
1131 2040 1334 2078 Latitudo
1350 2052 1455 2079 vera
1472 2047 1563 2079 erat
1579 2047 1686 2088 part.
1699 2042 1735 2080 5.
1751 2039 1775 2089 l.
1788 2041 1825 2080 9.
1843 2041 2034 2090 Ideoque

384 2091 465 2128 hac
483 2091 646 2129 sublata
663 2104 688 2129 a
702 2092 802 2134 visa,
820 2093 1061 2131 Parallaxis
1078 2105 1212 2141 quam
1229 2094 1578 2136 intendebamus.
1595 2094 1756 2142 profilit
1772 2101 1879 2143 part.
1891 2095 1928 2134 Ο.
1942 2093 2034 2143 l.41.

385 2156 484 2190 quae
509 2157 607 2182 611111
632 2145 866 2192 Copernici
890 2153 1034 2184 mente
1059 2149 1102 2184 in
1130 2147 1219 2194 ipso
1244 2147 1446 2195 scrupulo
1470 2148 1690 2186 consentit.
1717 2148 1786 2187 Sic
1809 2148 2035 2188 Diameter

386 2197 522 2235 Lunae
540 2203 641 2235 tunc
653 2198 882 2246 Temporis
896 2212 983 2238 vna
1001 2200 1313 2238 obseruabatur
1326 2201 1388 2239 M.
1402 2201 1465 2244 33.
1483 2213 1618 2249 quarn
1635 2204 1671 2240 is
1687 2201 1837 2240 saltem
1853 2202 2034 2241 dimidio
2070 2214 2102 2240 ³5

385 2250 583 2297 scrupulo
605 2252 702 2298 plus
723 2253 920 2300 adauget.
944 2254 1141 2292 Altitudo
1159 2254 1309 2292 Centri
1327 2257 1420 2293 eius
1438 2262 1529 2293 erat
1545 2262 1648 2294 tunc
1665 2261 1771 2303 part.
1789 2256 1841 2294 49
1856 2257 2033 2294 circiter.

1171 2334 1241 2372 VI.

462 2392 740 2438 EQUENTE
755 2394 850 2435 Die.
864 2397 1041 2441 quierat
1054 2396 1103 2434 25
1117 2395 1266 2434 Octob.
1281 2397 1391 2435 Hor.
1405 2398 1440 2436 7.
1456 2398 1518 2436 M.
1531 2398 1582 2436 29
1594 2398 1738 2436 ΡΜΝ.
1752 2398 1878 2437 Luna
1890 2397 2034 2437 rursus

474 2457 548 2491 per
562 2446 863 2491 Quadrantem
882 2459 906 2485 a
923 2449 1059 2495 gradu
1076 2450 1294 2496 Eclipticae
1312 2454 1535 2490 exoriente
1552 2452 1705 2495 distitit
1723 2451 1965 2500 habuitque
1981 2463 2034 2490 ex

386 2498 700 2538 obseruatione
711 2501 1755 2554 Longitudinemtamvisamquamveraminpart.
1763 2506 1806 2544 ll.
1815 2507 1920 2543 min.
1927 2505 2032 2550 1οΩ,
2069 2515 2101 2542 ⁴⁰

1832 2558 2034 2598 Latitudo
