2243 3225
438 207 506 245 186
812 203 1266 242 ASTRONOMIAE
1287 202 1710 241 INSTAURATAE

439 311 481 360 ll.
495 312 556 349 39.
576 311 706 357 Quod
722 310 751 347 fi
768 321 884 347 nunc
901 310 1190 347 adjecerimus
1206 308 1308 346 huic
1325 307 1617 346 differentiam
1630 308 1800 346 Arcens.
1818 311 1911 346 eius
1927 309 1983 347 ad
1999 309 2082 347 Lu-

438 366 579 402 eidam
598 370 657 406 V,
679 365 881 410 prouenit
897 362 991 400 Asc.
1010 361 1140 400 Recta
1160 362 1337 400 Lucidae
1356 367 1416 405 V,
1440 361 1483 399 P.
1500 361 1563 399 26.
1587 360 1612 409 l.
1629 362 1665 399 7.
1689 360 1732 409 ll.
1750 361 1812 406 39,
1835 373 1862 400 a
1881 373 1970 409 qua
1989 362 2082 400 sub-

436 418 665 455 trahantur
682 414 725 463 ll.
743 416 805 459 55,
827 427 905 462 pro
921 416 1056 453 Anno
1073 416 1099 452 1.
1122 415 1261 452 Mens.
1279 416 1306 457 1,
1327 420 1371 452 vt
1391 414 1437 452 fit
1453 415 1587 452 Anno
1606 414 1714 457 1585,
1735 414 1936 453 Ascenfio
1953 414 2083 454 Recta

437 470 612 508 Lucidae
627 475 686 513 V,
704 469 745 506 P.
759 468 821 506 26.
836 467 861 516 l.
874 469 910 506 6.
925 467 968 516 ll.
981 469 1031 505 44
1048 467 1237 515 quaefita.
1256 468 1387 505 Nunc
1404 467 1459 505 ad
1476 467 1815 506 obseruationes
1831 470 2081 513 matutinas,

437 535 489 560 ex
506 523 663 570 quibus
681 521 871 559 eiusdem
888 519 1095 559 correctio
1112 521 1372 558 instituenda
1387 523 1518 564 venit,
1535 521 1808 559 accedamus.

488 578 622 613 Anno
648 575 754 618 1588,
787 575 870 612 Die
895 575 946 612 26
969 573 1168 612 Otftobris
1189 575 1242 611 A.
1264 573 1327 611 Μ.
1355 574 1465 611 Hor.
1487 575 1531 611 11.
1558 574 1621 611 M.
1643 574 1706 617 48,
1734 576 1917 612 inuenta
1942 574 1997 612 est
2022 575 2082 613 di-

2136 536 2152 561 5

435 625 622 678 stan—{ltia
638 628 750 666 Solis
767 627 804 665 &
821 628 1003 665 Veneris
1019 627 1061 664 P.
1075 627 1137 665 37.
1152 625 1177 675 l.
1191 628 1223 666 1}
1243 638 1320 674 per
1336 626 1588 665 Sextantem
1603 626 1898 675 Trigonicum,
1913 630 1960 666 in
1975 627 2082 666 Alti-
2110 636 2169 668 182

886 682 1036 719 tudine
1060 680 1173 719 Solis
1196 681 1260 719 17}
1283 686 1390 727 part.
1414 680 1598 718 Veneris
1623 680 1673 718 25
1698 687 1805 728 part.
1832 681 2082 720 Declinatio

462 714 518 758 D
778 712 830 764 E
887 737 981 772 eius
1002 739 1108 781 part.
1126 734 1161 771 3.
1179 735 1284 771 min.
1301 733 1368 773 361
1391 733 1549 771 Merid.
1572 734 1715 771 Locus
1735 733 1848 772 Solis
1870 734 1911 772 P.
1930 734 1983 772 13.
2002 732 2028 782 l.
2044 735 2081 773 9.

505 763 794 904 -
888 786 985 835 sl-19
1003 793 1059 835 m.
1077 786 1246 825 Arcens.
1265 785 1395 824 Recta
1411 786 1524 825 s011s
1540 787 1582 824 P.
1599 787 1688 825 220.
1708 785 1733 835 s.
1751 788 1804 825 41.
1824 786 1867 835 ss.
1884 788 1920 826 5.
1938 787 2081 826 Decii·
2122 801 2152 827 ιο

446 878 494 922 C
886 843 1006 879 natio
1031 840 1222 878 eiusdem
1244 840 1287 877 P.
1313 840 1366 878 15.
1392 838 1417 887 Ι.
1441 840 1510 879 50}
1538 840 1650 878 Mer.
1676 839 1738 878 Sit
1760 842 1907 888 itaque
1930 842 1977 878 in
1999 840 2082 879 hac

802 869 850 930 Β
886 895 1166 942 Figuratione
1178 894 1219 931 A
1230 893 1362 931 Polus
1373 893 1596 931 Australis.
1615 893 1648 931 B
1661 893 1823 932 Venus.
1842 893 1879 932 C
1891 894 1977 932 Sol.
1989 893 2081 932 Tri-

886 947 1074 995 angulus
1090 946 1219 985 ABC
1235 946 1337 985 data
1355 946 1485 984 habet
1504 949 1656 984 omnia
1672 947 1840 985 Latera.
1862 947 1983 985 Nam
1998 947 2081 985 BA

886 1001 941 1039 est
957 1006 1063 1048 part.
1080 1000 1143 1038 86.
1163 998 1188 1048 l.
1205 1000 1291 1043 232,
1311 999 1701 1047 Complementum
1717 1000 2037 1039 Declinationis
2051 1003 2078 1044 Ω

885 1055 941 1092 3(1
964 1053 1121 1091 Polum
1143 1052 1401 1091 Australem.
1427 1053 1511 1091 CA
1534 1059 1642 1101 part.
1664 1054 1726 1092 74.
1749 1052 1775 1102 l.
1792 1054 1851 1098 921.
1875 1053 2080 1101 Comple-
2121 1068 2150 1093 ιε

885 1112 1085 1145 mentum
1101 1106 1421 1145 Declinationis
1437 1106 1550 1145 Solis
1570 1107 1626 1145 ad
1647 1107 1850 1145 eundem.
1872 1106 1952 1146 BC
1972 1113 2079 1155 part.

884 1161 947 1199 37.
960 1162 1065 1198 min.
1079 1161 1128 1203 13,
1144 1160 1425 1207 intercapedo
1437 1159 1550 1198 Solis
1562 1159 1600 1197 &
1615 1163 1655 1203 Q.
1669 1160 1834 1198 Idcirco
1844 1160 1979 1198 latere
1989 1171 2081 1198 non

885 1216 1024 1262 potuit
1035 1213 1238 1262 Angulus
1251 1213 1383 1257 ΒΑΕ,
1400 1213 1442 1251 Ρ.
1455 1213 1518 1252 35.
1533 1212 1558 1261 l.
1571 1213 1634 1251 32.
1649 1212 1692 1261 ll.
1704 1214 1768 1258 55,
1785 1214 2081 1252 determinans

885 1269 1052 1305 Arcum
1067 1267 1322 1314 AEquatoris
1341 1266 1431 1305 Soli
1449 1266 1487 1304 &
1502 1266 1665 1304 Veneri
1684 1269 1984 1315 interceptum,
2006 1269 2081 1315 qui

884 1319 1122 1359 subtractus
1143 1320 1198 1358 ab
1214 1319 1383 1358 Arcens.
1402 1320 1447 1358 R.
1471 1321 1530 1365 Θ,
1552 1320 1758 1368 relinquit
1773 1320 2081 1359 Ascenfionem
2118 1334 2150 1359 20

629 1444 651 1471 Α
886 1374 1043 1465 nglep
1045 1372 1197 1465 &3181an
1215 1372 1415 1475 {rainilgst
1438 1426 1633 1474 sequenti
1653 1427 1704 1466 27
1725 1425 1926 1466 OCtobris
1946 1427 1999 1465 Α.
2017 1426 2080 1465 Μ.

886 1482 996 1519 Hor.
1019 1481 1055 1519 6.
1078 1480 1141 1518 M.
1163 1480 1227 1524 38,
1253 1480 1431 1519 distabat
1453 1483 1479 1523 Q
1503 1492 1529 1518 3
1551 1480 1696 1519 Corde
1727 1482 1765 1526 <Q
1797 1480 1840 1518 Ρ.
1861 1480 1924 1518 42.
1948 1479 1974 1528 l.
1995 1480 2079 1520 24³⁷.

433 1536 681 1574 Declinatio
706 1538 800 1574 eius
824 1536 865 1573 Ρ.
887 1535 923 1573 3.
947 1533 972 1582 l.
994 1534 1062 1574 341
1089 1534 1246 1572 Merid.
1271 1545 1324 1572 eo
1347 1539 1543 1581 tempore
1567 1533 1807 1572 obseruata.
1831 1534 2030 1572 Altitudo
2053 1536 2080 1577 Q

432 1590 474 1627 Ρ.
492 1590 554 1627 20.
578 1589 694 1627 Cum
714 1595 863 1627 autem
880 1588 1038 1627 Cordis
1059 1589 1097 1632 Ω
1121 1587 1370 1625 Declinatio
1389 1593 1496 1634 part.
1514 1587 1567 1625 13.
1587 1586 1612 1635 Ι.
1629 1588 1699 1626 572¹.
1719 1587 1818 1625 Bor.
1835 1589 1958 1625 iuxta
1973 1587 2082 1626 alias
2117 1600 2149 1626 25

433 1643 771 1681 obseruationes
784 1643 940 1680 eodem
952 1642 1087 1702 Anno
1099 1640 1227 1678 fuerit
1239 1647 1355 1683 nota,
1368 1642 1496 1688 igitur
1508 1640 1753 1702 differentia
1764 1640 2081 1702 Ascenfionalis

707 1729 747 1778 Α
993 1693 2081 1795 {Rffrssss'aetffifefflifi‘assssssffiassifflssssnssgffiPE

993 1801 1156 1839 Venus.
1173 1802 1214 1838 Α
1230 1801 1362 1838 Polus
1379 1801 1558 1838 Boreus.
1577 1801 1710 1839 Latus
1727 1801 1822 1845 ΒΑ,
1839 1801 1882 1839 Ρ.
1899 1800 1962 1839 76.
1980 1799 2006 1849 l.
2022 1799 2080 1844 23.

994 1854 1240 1902 Complem.
1259 1854 1580 1892 Declinationis
1595 1854 1753 1892 Cordis
1774 1856 1831 1899 Ω.
1849 1853 1948 1897 CA,
1964 1854 2007 1892 P.
2019 1853 2080 1892 93.
2118 1866 2150 1892 30

995 1907 1019 1955 l.
1033 1908 1102 1947 3421
1119 1919 1171 1945 ex
1184 1907 1491 1946 Declinatione
1507 1911 1533 1950 Q
1549 1908 1603 1945 ad
1619 1907 1910 1955 quadrantem
1923 1907 2080 1946 addita.

994 1961 1073 1999 BC
1090 1967 1196 2008 part.
1214 1961 1277 1998 42.
1296 1959 1321 2009 l.
1339 1961 1425 2002 242¹.
1442 1960 1639 1999 distantia
1655 1964 1681 2004 Q
1696 1961 1734 1999 &
1746 1961 1910 2009 Reguli.
1932 1960 1996 1999 Ex
2015 1959 2082 1998 his

993 2015 1128 2053 tribus
1139 2015 1366 2052 Lateribus
1376 2016 1490 2052 notis
1500 2017 1707 2052 inuentus
1717 2014 1772 2052 est
1779 2014 1940 2062 Angul.
1951 2013 2081 2057 ΒΑΕ,

994 2068 1035 2105 Ρ.
1049 2068 1111 2106 38.
1131 2066 1155 2115 l.
1169 2069 1231 2106 56.
1251 2066 1294 2115 ll.
1307 2068 1370 2110 30.
1388 2068 1686 2106 determinans
1703 2070 1991 2115 quantitatem
2001 2068 2081 2105 Ar-

994 2133 1068 2159 cus
1081 2122 1242 2159 Veneri
1255 2121 1292 2158 &
1306 2121 1440 2159 Cordi
1458 2123 1495 2165 Ω
1515 2123 1637 2159 iuxta
1649 2121 1938 2168 AEquatorem
1955 2123 2081 2159 inter·
2117 2132 2148 2158 ³5

993 2181 1199 2265 cetssltfbms
1220 2229 1404 2265 diurnus
1429 2231 1454 2270 Q.
1479 2230 1523 2265 in
1546 2227 1639 2265 Asc.
1663 2228 1708 2265 R.
1730 2239 1756 2266 a
1778 2227 1862 2266 Die
1882 2227 1946 2271 26.
1967 2229 2012 2266 in
2031 2226 2081 2265 27

926 2241 955 2279 B
994 2279 1193 2318 Oc‘tobris
1212 2281 1273 2318 M.
1291 2281 1354 2318 22.
1373 2281 1441 2318 De
1459 2293 1559 2328 quo.
1582 2281 1692 2319 Hor.
1710 2281 1763 2320 18.
1782 2281 1844 2319 M.
1862 2281 1914 2320 50
1931 2279 2081 2329 elapfis

994 2336 1103 2371 inter
1116 2341 1330 2381 vtranque
1344 2334 1708 2372 Obseruationem
1720 2336 1925 2382 competit
1938 2339 2081 2372 motus

442 2391 572 2482 E>
597 2274 925 2461 Α
994 2388 1278 2425 intermedius
1297 2387 1320 2433 l.
1341 2388 1391 2425 17.
1412 2387 1454 2434 ll.
1474 2389 1526 2429 15.
1549 2390 1623 2435 qui
1645 2388 1817 2426 additus
1834 2386 2080 2426 Ascenfioni
2115 2396 2148 2423 ⁴0

475 2491 514 2532 C

939 2420 975 2458 D
995 2441 1038 2478 R.
1057 2441 1240 2478 Veneris
1257 2441 1341 2478 Die
1359 2441 1409 2478 26
1425 2453 1451 2479 3
1468 2441 1568 2479 Sole
1586 2440 1864 2489 inuestigatae.
1885 2441 2080 2489 producit

993 2494 1047 2531 ad
1066 2494 1175 2531 Hor.
1194 2494 1229 2531 6.
1249 2494 1311 2531 Μ.
1330 2494 1380 2532 38
1400 2494 1484 2531 Die
1502 2494 1551 2532 27
1570 2493 1719 2533 octob.
1738 2494 1831 2533 Asc.
1850 2492 2080 2595 Κεξῖιᾚὲό
