2243 3225
453 219 519 257 194
826 210 1281 251 ASTRONOMIAE
1301 208 1724 248 INSTAURATAE

451 328 648 360 mentum
660 319 978 359 Declinationis
991 317 1148 355 Merid.
1164 317 1331 364 Capitis
1342 318 1376 359 Π
1388 346 1396 353 .
1410 315 1485 353 BC
1497 320 1604 362 part.
1617 316 1670 353 19.
1683 317 1788 353 min.
1800 315 1885 359 2221,
1898 315 2095 354 distantia

451 375 694 414 Stellarum.
708 372 832 410 Vnde
844 383 920 418 per
931 370 1267 417 Triangularem
1278 370 1580 416 operationem
1592 369 1816 406 deriuatus
1827 368 1882 406 est
1893 368 2094 416 Angulus

700 450 749 496 A

901 885 940 923 C

447 931 944 1132 1¹3⁴ss

978 423 1235 461 differentiae
1251 421 1570 460 Ascenfionalis
1586 424 1698 459 inter
1709 422 1928 460 Venerem
1944 421 1983 459 &
1998 422 2093 460 Me·

978 475 1192 514 ridionale
1210 475 1357 523 Caput
1376 478 1410 518 Π
1423 505 1431 519 ,
1449 474 1590 519 BAC,
1607 475 1650 513 P.
1668 475 1721 513 18.
1740 473 1766 522 l.
1783 475 1846 513 24.
1865 473 1908 523 ll.
1926 475 1980 512 12.

1030 530 1088 566 At
1111 530 1324 576 quoniam
1345 528 1496 566 Venus
1519 528 1603 566 hoc
1626 528 1711 566 Die
1734 539 1826 566 non
1848 540 1875 566 a
1898 528 1998 566 Sole
2020 529 2093 567 ob·
2130 542 2146 567 5

977 582 1242 625 seruabatur,
1259 583 1406 619 minus
1422 580 1618 619 defecato
1634 582 1824 619 interdiu
1835 581 1924 629 post
1937 581 2094 620 Ortum

977 635 1089 673 Solis
1099 634 1302 673 existente
1311 636 1425 678 aere,
1435 634 1505 672 sed
1515 634 1665 672 saltem
1672 635 1757 673 Die
1766 637 1966 682 proxime
1975 641 2093 673 ante-

978 688 1169 732 cedente,
1196 690 1324 736 igitur
1347 688 1448 726 inde
1471 687 1712 735 conquifita
1733 687 1827 726 Asc.
1850 686 1980 726 Redta
2001 691 2028 732 Q
2048 690 2094 727 in

977 742 1096 779 hunc
1111 741 1296 779 modum
1312 740 1398 779 huc
1415 741 1794 779 accommodanda
1809 743 1940 779 venit.

1031 795 1115 832 Die
1139 795 1180 833 17
1200 794 1382 843 Augusti
1402 795 1455 832 A.
1478 794 1541 832 Μ.
1564 794 1674 832 Hor.
1692 795 1728 833 5.
1746 794 1809 832 M.
1826 795 1890 839 50,
1915 794 2093 833 distabat
2133 808 2162 834 ιο

977 848 1128 886 Venus
1149 859 1175 886 a
1197 853 1345 886 centro
1361 847 1475 886 Solis
1493 854 1600 895 part.
1617 848 1680 886 28.
1698 850 1803 886 min.
1820 848 1882 888 19}
1898 859 1976 896 per
1991 847 2092 887 Sex-

976 907 1142 939 tantem
1151 901 1447 949 Trigonicum.
1461 901 1710 939 Declinatio
1721 903 1815 939 eius
1824 907 1931 949 part.
1941 901 1994 940 19.
2006 899 2032 949 l.
2042 901 2092 940 25

977 955 1131 999 Borea,
1141 966 1218 1002 per
1227 954 1450 993 Armillas.
1461 954 1651 1002 Eratque
1661 960 1764 992 tunc
1773 954 1972 993 Altitudo
1981 954 2093 993 Solis

976 1008 1000 1046 8
1009 1013 1116 1055 part.
1126 1008 1326 1046 Altitudo
1334 1008 1517 1046 Veneris
1527 1008 1567 1046 31
1576 1014 1683 1055 part.
1694 1008 1836 1046 Locus
1844 1007 1957 1046 Solis
1963 1019 2092 1046 verus

975 1066 1083 1108 part.
1099 1061 1136 1099 3.
1153 1063 1259 1099 min.
1276 1061 1312 1099 3.
1331 1059 1374 1109 ll.
1391 1061 1443 1099 38
1460 1067 1521 1109 m).
1538 1060 1741 1099 Ascenfio
1758 1059 1888 1100 Redta
1903 1061 2094 1100 eiusdem
2132 1074 2161 1100 15

975 1120 1083 1162 part.
1100 1114 1179 1153 155.
1199 1113 1224 1162 Ι.
1241 1114 1277 1152 0.
1297 1112 1340 1162 ll.
1357 1114 1420 1153 58.
1438 1114 1688 1152 Declinatio
1703 1120 1810 1162 part.
1823 1114 1876 1152 10.
1895 1113 1920 1163 Ι.
1933 1114 1996 1153 25.
2014 1113 2094 1163 ΙΙ.8

448 1168 545 1205 Bor.
567 1168 649 1206 Pro
670 1167 915 1206 differentia
935 1167 1232 1206 Ascenfionali
1256 1171 1282 1211 Q
1306 1179 1333 1205 a
1353 1167 1453 1206 Sole
1474 1168 1739 1215 inquirenda
1758 1168 1992 1206 assumatur
2011 1167 2094 1206 hoc

447 1222 731 1269 diagramma,
748 1224 793 1259 in
810 1233 899 1268 quo
915 1222 956 1259 A
973 1221 1130 1259 Polum
1141 1221 1408 1268 AEquatoris.
1427 1221 1464 1259 C
1479 1221 1638 1259 Solem.
1657 1221 1690 1259 B
1703 1221 1922 1259 Venerem
1937 1232 2094 1269 reprae·

447 1274 592 1312 sentat.
609 1274 836 1323 Trianguli
852 1275 971 1313 BAC
983 1275 1111 1313 datur
1123 1275 1257 1312 Latus
1269 1274 1360 1318 BA,
1377 1274 1420 1312 P.
1433 1274 1495 1313 70.
1508 1276 1613 1312 min.
1626 1274 1689 1318 35,
1707 1274 2094 1323 Complementum

447 1327 766 1366 Declinationis
778 1328 973 1366 Veneris.
987 1327 1067 1366 CA
1079 1333 1186 1375 part.
1199 1328 1261 1366 79.
1274 1330 1379 1365 min.
1391 1328 1477 1371 343⁷,
1491 1328 1879 1376 Complementum
1892 1327 2094 1366 Declina-
2130 1340 2162 1366 zo

681 1412 718 1449 A

914 1979 943 2016 B

454 2095 488 2133 C

495 2230 534 2267 D
899 2202 926 2242 E

979 1383 1111 1419 tionis
1127 1381 1252 1420 Solis.
1270 1381 1403 1419 Latus
1420 1381 1508 1425 BC,
1524 1387 1631 1429 part.
1649 1381 1712 1420 28.
1729 1384 1833 1420 min.
1851 1381 1926 1425 192¹.
1943 1381 2094 1420 distan-

979 1437 1039 1473 tia
1059 1434 1291 1482 Vtriusque.
1316 1435 1428 1482 Ergo
1451 1446 1528 1482 per
1550 1435 1770 1473 calculum
1791 1446 1883 1473 non
1906 1437 2095 1483 ignorari

979 1490 1120 1536 potuit
1130 1488 1334 1536 Angulus
1347 1488 1466 1526 BAC
1478 1494 1585 1536 part.
1598 1488 1660 1526 27.
1673 1490 1779 1526 min.
1791 1488 1866 1533 512¹..
1884 1490 1960 1536 qui
1974 1489 2094 1526 meti-

979 1547 1048 1579 tur
1068 1543 1235 1580 Arcum
1255 1541 1510 1589 AEquatoris
1533 1541 1623 1580 Soli
1645 1541 1683 1579 &
1703 1542 1864 1580 Veneri
1887 1543 2094 1590 intercep-

979 1600 1084 1637 tum,
1106 1597 1141 1633 is
1157 1597 1285 1643 igitur
1300 1593 1539 1633 subtrad‘tus
1555 1595 1610 1633 ab
1626 1595 1887 1633 Ascenfione
1903 1595 2016 1634 Solis
2031 1606 2094 1633 re·
2129 1606 2161 1632 25

979 1648 1136 1696 linquit
1156 1648 1465 1686 Ascenfionem
1487 1646 1662 1686 Red‘tam
1683 1648 1867 1687 Veneris
1886 1654 1994 1697 part.
2014 1648 2093 1687 127.

980 1700 1005 1749 Ι.
1023 1702 1059 1740 9.
1078 1700 1121 1750 ll.
1139 1701 1202 1740 38.
1225 1701 1512 1740 InteruaHum
1530 1701 1761 1750 Temporis
1782 1713 1870 1750 quo
1891 1702 1988 1740 haec
2009 1701 2094 1741 Ob-

978 1755 1166 1793 seruatio
1189 1755 1373 1793 alteram
1394 1767 1421 1793 a
1442 1755 1727 1794 Meridionali
1749 1755 1904 1803 Capite
1928 1758 1963 1799 ][
1986 1766 2094 1804 prae-

980 1809 1099 1851 cessit,
1117 1808 1172 1846 est
1189 1808 1418 1846 Horarum
1435 1808 1497 1846 22.
1516 1808 1798 1847 Minutorum
1813 1810 1850 1853 5,
1868 1809 2026 1857 quibus
2041 1808 2093 1847 de

979 1868 1102 1899 motu
1123 1862 1282 1900 diurno
1303 1862 1498 1905 Veneris,
1520 1868 1627 1909 part.
1650 1862 1674 1900 l.
1698 1860 1723 1910 l.
1745 1862 1785 1900 14
1806 1862 2009 1900 existente
2029 1873 2092 1900 ra·
2128 1871 2160 1899 ³0

978 1917 1096 1953 tione
1113 1915 1380 1963 AEquatoris.
1402 1915 1630 1963 respondet
1650 1922 1796 1954 motus
1813 1916 2094 1954 intermedius

979 1968 1021 2006 P.
1033 1969 1057 2006 1.
1071 1967 1096 2016 s.
1107 1969 1143 2007 8.
1156 1967 1199 2016 ll.
1211 1970 1246 2011 5,
1260 1980 1349 2016 quo
1361 1968 1510 2006 addito
1523 1968 1616 2006 Asc.
1631 1969 1675 2006 R.
1692 1972 1719 2012 Q
1739 1969 1794 2007 ad
1809 1971 1853 2014 Q>
1868 1968 2093 2017 inquisitae.

979 2021 2092 2068 prodibitAscenRectaQDie18.Hor.3.M.55.A.M.

979 2087 1079 2113 cum
1101 2075 1282 2113 inferius
1299 2075 1445 2122 Caput
1467 2078 1498 2118 Π
1520 2087 1545 2113 a
1565 2079 1591 2118 Q
1611 2075 1935 2119 obseruabatur.
1956 2075 1998 2114 P.
2016 2075 2092 2114 128.

980 2127 1005 2175 l.
1024 2129 1075 2166 17.
1099 2127 1142 2176 ll.
1159 2129 1222 2167 43.
1250 2128 1382 2175 Quod
1408 2128 1437 2166 fi
1462 2140 1580 2166 nunc
1606 2129 1909 2167 abstulerimus
1933 2129 1988 2168 ab
2012 2128 2093 2167 hac
2128 2138 2159 2165 ³5

978 2181 1147 2219 Ascens.
1163 2182 1206 2219 R.
1220 2182 1416 2224 Veneris.
1434 2181 1727 2220 differentiam
1744 2182 2016 2221 Ascenfionis
2031 2184 2093 2220 in-

978 2241 1041 2272 ter
1056 2239 1081 2278 Q
1098 2235 1135 2272 &
1152 2235 1334 2273 inferius
1351 2235 1496 2282 Caput
1517 2238 1549 2278 II
1571 2235 1767 2283 superius
1783 2235 2093 2284 inuestigatam.

446 2285 687 2323 remanebit
704 2286 904 2324 Ascenfio
922 2284 936 2336 ΙΙ
955 2286 1082 2326 Ηεᾶἲει
1100 2288 1257 2326 Merid.
1276 2288 1443 2335 Capitis
1465 2291 1497 2331 Π
1518 2289 1560 2326 Ρ.
1578 2289 1656 2327 109.
1676 2288 1701 2335 Ι.
1718 2289 1780 2327 53.
1800 2288 1843 2336 ll.
1860 2289 1912 2328 31.
1931 2289 1981 2327 Et
1997 2288 2026 2327 fi
2041 2288 2094 2327 ab
2119 2291 2169 2325 191

446 2337 527 2375 hae
554 2339 698 2375 rursus
723 2339 1062 2378 subtraxerimus
1088 2341 1379 2379 differentiam
1404 2341 1757 2380 Ascensionalem
1782 2344 2093 2391 pertingentem

446 2391 577 2437 vsque
594 2392 648 2429 ad
668 2392 875 2430 Lucidam
897 2400 941 2432 V
961 2397 1080 2440 prius
1098 2401 1260 2436 notam.
1279 2401 1385 2442 part.
1403 2395 1465 2432 83.
1481 2394 1505 2441 l.
1524 2396 1586 2433 57.
1602 2394 1644 2442 ll.
1662 2395 1724 2438 20.
1743 2395 1911 2434 refidua
1927 2397 2004 2434 erit
2020 2394 2092 2433 As-
2128 2404 2159 2431 ιο

446 2444 586 2481 Censlo
605 2444 732 2482 Reda
751 2446 926 2484 Lucidae
942 2453 1001 2488 V.
1019 2454 1125 2494 part.
1144 2449 1205 2486 25.
1226 2447 1250 2494 l.
1269 2448 1330 2485 56.
1351 2447 1393 2494 ll.
1412 2449 1453 2485 ll.
1472 2449 1584 2486 Haec
1601 2456 1643 2486 vt
1661 2450 1715 2487 ad
1733 2450 1917 2487 Annum
1934 2447 2092 2488 CHRI-

445 2497 530 2534 STI
554 2497 646 2536 1585
669 2499 920 2541 deducatur.
943 2512 1021 2547 pro
1043 2502 1162 2538 Anni
1185 2504 1314 2539 vnius
1335 2501 1491 2548 spacio.
1515 2502 1739 2540 Menfibus
1758 2503 1799 2542 73
1822 2502 2093 2541 subtrahatur

1940 2557 2089 2594 minut.
