2243 3225
415 195 493 233 440
814 187 1331 229 ANNOTATIONES
1351 186 1655 225 EDITORIS

416 296 623 337 complecti
638 296 803 331 videtur,
826 302 943 334 quem
962 296 1123 333 propter
1142 292 1339 332 ingentem
1360 292 1442 332 ejus
1458 291 1653 322 ambitum
1669 299 1741 323 nos
1756 291 1795 323 in
1811 291 1910 324 duos
1925 294 2057 325 tomos

416 350 643 382 distribuere
664 348 793 380 coacti
813 355 961 384 sumus,
983 354 1153 386 quorum
1173 345 1236 377 hic
1255 348 1387 385 partes
1403 344 1576 385 primam
1591 347 1630 377 et
1644 344 1863 377 secundam
1878 345 2058 378 editionis

415 402 597 443 principis
613 401 796 438 continet,
813 399 939 431 tertiae
955 407 1050 431 vero
1066 399 1104 429 in
1119 402 1231 430 tomo
1246 401 1382 430 nostro
1400 397 1451 429 ΙΙΙ
1468 398 1603 430 locum
1617 397 1848 430 tribuemus.

459 455 660 487 Rationem
669 453 865 494 Tychonis
878 455 1073 484 mutatam
1085 460 1182 489 esse,
1195 451 1316 483 etiam
1326 451 1416 483 inde
1427 452 1566 489 elucet,
1578 451 1684 491 quod
1695 460 1765 491 per
1775 454 1904 484 totum
1914 451 2058 485 librum

414 510 451 540 in
467 508 631 540 summis
647 506 795 547 paginis
811 506 974 546 legimus
994 504 1209 545 »Tychonis
1223 504 1350 536 Brahe
1362 504 1446 536 Lib.
1460 505 1486 536 Ι.
1506 504 1564 536 De
1579 513 1686 537 nova
1701 505 1814 537 stella
1830 504 1923 537 anni
1940 505 2057 544 1572«,

414 562 516 593 unde
531 569 678 592 novam
695 559 801 590 illam
817 559 971 591 stellam
987 558 1234 599 praecipuum
1251 558 1337 589 libri
1354 561 1632 598 argumentum
1648 557 1767 590 fuisse
1787 558 2057 600 intellegimus,

414 622 656 654 quamquam
674 613 817 644 multas
829 612 926 643 alias
937 620 999 643 res
1009 614 1165 643 tractat.
1184 611 1379 652 Majorem
1395 614 1529 643 autem
1545 611 1633 643 libri
1647 614 1802 651 partem
1818 611 1918 643 inter
1934 620 2059 644 annos

417 666 499 698 1588
519 670 556 698 et
579 665 662 697 1592
685 665 909 697 confectam
934 674 980 697 ac
1002 664 1106 705 typis
1129 664 1369 704 descriptam
1393 672 1490 702 esse,
1515 673 1563 696 ex
1586 664 1716 702 rebus,
1741 673 1912 705 quarum
1934 664 2060 698 obiter

415 720 561 752 mentio
581 719 634 756 fit,
656 718 750 750 satis
771 719 1023 759 perspicuum
1045 721 1119 755 est;
1141 726 1268 758 neque
1283 720 1418 749 tamen
1435 718 1578 749 eodem
1594 718 1744 756 ordine,
1766 726 1885 759 quem
1904 718 2060 760 pagina-

414 782 500 804 rum
521 772 672 804 numeri
693 772 888 804 exhibent.
912 771 1084 802 Primum
1108 771 1268 811 quidem
1292 771 1561 812 conscriptum
1582 774 1641 803 est
1661 774 1781 812 caput
1802 771 1988 812 primum,
2011 772 2060 805 de

414 826 557 858 Solaris
582 825 764 857 curriculi
789 824 1068 865 designatione,
1095 825 1165 856 sed
1190 824 1266 856 hoc
1291 824 1414 862 finito,
1441 832 1533 856 cum
1564 824 1744 857 materiae
1766 825 1944 857 nondum
1966 825 2060 858 satis

414 882 643 920 congestum
664 881 777 913 esset.
801 878 950 918 aliquot
970 877 1248 917 quaterniones
1268 878 1525 918 praetermissi
1546 880 1647 916 sunt,
1671 880 1709 910 et
1731 878 1783 910 ad
1803 878 1947 919 capita,
1971 887 2060 920 quae

414 933 461 964 de
477 941 581 964 nova
597 932 707 963 stella
725 932 904 972 agebant,
926 931 1186 963 describenda
1202 931 1394 971 processit
1414 931 1699 972 typographus.
1720 931 1875 964 Accidit
1890 939 1998 970 vero,
2019 935 2060 964 ut

413 985 526 1016 nimis
543 985 721 1016 relictum
738 993 823 1016 esse
838 984 953 1025 spatii
968 984 1216 1025 reperiretur,
1239 985 1346 1024 quod
1360 988 1403 1016 ut
1418 985 1653 1025 expleretur,
1674 984 1820 1017 inserta
1841 988 1899 1018 est
1919 993 2061 1026 appen-

413 1039 478 1070 dix
490 1039 537 1070 de
549 1039 673 1069 Lunae
689 1040 812 1075 motu,
830 1046 950 1078 quam
967 1046 1060 1069 cum
1077 1038 1127 1069 ad
1143 1037 1264 1069 finem
1280 1038 1498 1078 perducere
1515 1037 1675 1070 difficile
1691 1041 1805 1077 esset,
1823 1037 1974 1071 factum
1990 1042 2059 1078 est,

413 1095 453 1123 ut
473 1092 564 1124 vivo
584 1091 772 1131 Tychone
792 1091 889 1123 liber
909 1091 1112 1123 absolutus
1134 1094 1201 1122 aut
1221 1091 1347 1123 editus
1368 1099 1447 1123 non
1467 1091 1525 1123 sit.
1550 1092 1599 1123 At
1620 1092 1824 1133 catalogus
1845 1091 2059 1130 stellarum,

413 1146 477 1185 qui
493 1148 580 1185 post
597 1145 727 1185 capita
743 1145 808 1176 illa
824 1145 985 1176 demum
1002 1144 1051 1176 de
1066 1152 1171 1176 nova
1187 1145 1299 1176 stella
1316 1144 1471 1185 agentia
1487 1145 1735 1185 conscriptus
1751 1148 1821 1184 est,
1843 1145 1930 1186 plus
1947 1145 2061 1186 spatii

415 1198 635 1238 occupavit,
653 1207 772 1238 quam
790 1200 874 1229 erat
890 1198 1117 1238 praevisum,
1140 1206 1263 1238 quare
1279 1198 1570 1238 quaterniones,
1592 1198 1632 1230 in
1647 1199 1788 1239 quibus
1804 1199 1940 1231 locum
1955 1199 2062 1231 habi-

413 1255 522 1283 turus
544 1255 639 1289 erat,
666 1251 840 1291 duplices
863 1251 957 1283 facti
980 1254 1081 1289 sunt,
1107 1260 1199 1283 cum
1221 1260 1300 1284 non
1320 1251 1487 1292 paginae,
1513 1251 1583 1283 sed
1602 1251 1697 1284 folia
1718 1252 1892 1285 numeris
1911 1252 2062 1294 insigni·

414 1308 557 1336 rentur.

459 1358 512 1389 Ex
533 1358 696 1398 epistula
716 1358 745 1388 Τ
747 1358 914 1397 ychonis
935 1358 985 1389 ad
1006 1357 1224 1390 Scultetum
1245 1359 1281 1390 d.
1304 1359 1322 1389 7
1343 1368 1395 1390 m.
1414 1358 1434 1397 J
1439 1367 1500 1390 an.
1523 1368 1558 1390 a.
1584 1358 1668 1390 1600
1687 1359 1846 1400 scripta,
1867 1359 1934 1392 ubi
1953 1359 2061 1392 illum

415 1412 637 1451 interrogat,
664 1411 863 1451 possintne
886 1411 1045 1443 Gorlicii
1070 1411 1208 1451 reliqui
1231 1412 1510 1452 quaterniones
1532 1412 1637 1453 typis
1659 1412 1841 1451 describi,
1870 1412 1955 1445 1500
1976 1413 2061 1446 libri

415 1465 595 1505 exempla
607 1464 710 1505 typis
717 1464 801 1505 jam
814 1465 1010 1505 descripta
1022 1473 1108 1496 esse
1119 1465 1403 1505 intelleguntur.
1423 1465 1583 1498 Mortuo
1594 1465 1783 1506 Tychone
1795 1466 1939 1498 librum
1950 1466 2062 1499 eden-

415 1518 508 1549 dum
530 1518 681 1549 curavit
699 1518 874 1558 Kepler¹;
895 1518 1146 1559 typographo
1169 1518 1360 1550 mandata
1381 1522 1470 1550 sunt
1490 1519 1556 1550 illa
1577 1519 1626 1551 de
1642 1519 1767 1552 Lunae
1787 1524 1900 1552 motu
1917 1523 2062 1553 cetera-

415 1579 501 1610 que,
523 1580 612 1610 quae
633 1571 846 1609 restabant,
869 1571 1129 1611 appendicem
1147 1572 1198 1603 ad
1213 1571 1334 1604 finem
1355 1572 1441 1603 libri
1459 1572 1603 1613 Kepler
1621 1573 1771 1605 addidit
1789 1573 1982 1606 heredum
1997 1582 2062 1607 no-

415 1624 534 1660 mine;
556 1625 716 1656 tandem
738 1628 929 1656 autumno
951 1625 1041 1656 anni
1066 1624 1149 1656 1602
1169 1628 1274 1657 totus
1295 1625 1392 1657 liber
1412 1626 1543 1658 lucem
1559 1626 1656 1658 vidit
1674 1626 1784 1658 illum
1803 1627 1960 1659 titulum
1980 1635 2062 1669 prae

415 1686 455 1708 se
475 1677 616 1715 ferens,
639 1686 756 1718 quern
776 1678 852 1710 hoc
869 1678 906 1709 in
922 1681 1033 1710 torno
1050 1678 1327 1718 expressimus.
1350 1679 1409 1710 Ad
1426 1679 1546 1711 finem
1563 1683 1692 1712 exstat
1707 1680 1825 1712 index
1841 1683 2061 1714 erratorum

414 1731 649 1771 typographi
665 1731 771 1762 haud
787 1740 883 1763 sane
899 1731 1097 1771 perfectus
1113 1741 1240 1772 neque
1256 1732 1338 1773 ipse
1354 1733 1455 1764 vitiis
1472 1741 1628 1770 carens:
1647 1742 1766 1774 quem
1782 1742 1856 1767 nos
1870 1734 1974 1767 hanc
1987 1734 2063 1767 edi-

414 1783 560 1815 tionem
582 1787 861 1824 comparantes
883 1794 960 1825 qua
981 1794 1052 1825 par
1071 1788 1128 1817 est
1150 1786 1345 1826 diligentia
1367 1786 1649 1818 consuluimus.
1672 1786 1770 1819 Cum
1786 1795 1882 1820 vero
1901 1787 2062 1821 omnino

415 1837 595 1877 princeps
615 1837 733 1869 editio
755 1838 848 1869 satis
870 1839 1117 1879 neglegenter
1137 1839 1333 1880 descripta
1355 1848 1441 1871 esse
1457 1840 1668 1877 videretur,
1691 1840 1776 1872 aliis
1792 1849 1950 1882 quoque
1967 1840 2062 1874 locis

416 1891 619 1928 nonnullis,
644 1890 709 1922 ubi
732 1891 884 1923 collatis
907 1892 1252 1924 observationibus
1276 1896 1343 1924 aut
1366 1893 1518 1925 ratione
1541 1893 1716 1925 instituta
1737 1894 1831 1926 vitia
1853 1893 2062 1927 manifesta

415 1943 659 1983 deprehensa
675 1947 798 1981 erant,
817 1953 905 1984 quae
922 1945 997 1976 levi
1014 1945 1233 1978 mutatione
1250 1946 1391 1987 corrigi
1407 1950 1581 1987 possent.
1599 1947 1898 1980 emendationes
1913 1955 1985 1980 nos
1999 1948 2062 1980 ad-

415 1995 624 2032 hibuimus.
643 2006 809 2037 quarum
827 1998 864 2029 in
881 2007 928 2030 eo
944 2002 1067 2034 torno,
1086 1999 1149 2039 qui
1167 1999 1298 2031 varias
1314 1999 1530 2040 scripturas
1547 2000 1752 2041 praebebit,
1769 2000 1965 2034 rationem
1981 2001 2062 2033 red·

414 2049 563 2081 demus.

460 2131 465 2147 ¹
496 2131 535 2155 »Α
557 2130 725 2163 Septembri
748 2131 896 2164 inquisivi
918 2132 1175 2159 eccentricitatem
1197 2133 1287 2162 Solis.
1311 2133 1342 2159 in
1364 2142 1426 2167 quo
1447 2134 1553 2160 labore
1574 2135 1682 2168 Tycho
1704 2138 1845 2162 mortuus
1865 2138 1918 2162 est.
1943 2134 2061 2162 Menni-

415 2174 505 2199 nobis
522 2182 558 2200 eo
574 2175 713 2201 curando
730 2175 803 2201 dum
822 2179 981 2209 oegrotaret
998 2180 1024 2202 et
1042 2177 1224 2210 sepeliendo
1241 2181 1362 2204 mortuo
1379 2181 1573 2205 consumtus.
1596 2179 1672 2205 Inde
1693 2187 1794 2213 usque
1815 2180 1855 2206 ad
1870 2179 1962 2206 leri-8
1978 2181 2060 2206 nnit-

414 2217 494 2243 litias
507 2219 599 2251 relegi
614 2220 911 2252 Progymnasmata.
923 2220 1033 2253 scripsi
1047 2221 1191 2251 indicem.
1204 2222 1333 2255 concepi
1346 2225 1444 2251 notas.
1456 2231 1589 2256 quarum
1602 2223 1726 2257 aliquae.
1743 2224 1870 2257 private
1881 2222 2061 2251 monitioni·

415 2270 508 2287 cuusa
527 2262 654 2295 scriptae.
676 2264 875 2295 postmodum
895 2273 946 2297 per
963 2265 1136 2291 simultates
1154 2269 1275 2292 nostras
1293 2275 1342 2292 me
1359 2275 1422 2292 non
1439 2267 1576 2300 amplius
1593 2269 1737 2294 consulto
1754 2268 1877 2295 fuerunt
1893 2268 1934 2295 it·
1949 2267 2061 2295 nauiter

414 2309 441 2330 ct
458 2306 597 2334 cruditer.
615 2310 645 2331 ut
662 2311 746 2332 crunt
764 2316 779 2333 n
798 2316 845 2333 me
863 2312 1028 2341 conccptoe.
1045 2310 1118 2336 citra
1135 2318 1262 2337 omnem
1280 2311 1496 2337 necessitatem
1514 2311 1683 2345 impressae.
1700 2312 1843 2342 consilio.
1865 2316 1896 2339 ut
1912 2312 2008 2346 ajunt.
2023 2319 2061 2338 ne

416 2349 560 2375 haberem
578 2359 635 2382 ego
652 2360 713 2383 quo
730 2352 951 2378 calumniarer-1
972 2354 1104 2386 (Kepler.
1123 2354 1174 2387 Op.
1189 2355 1258 2380 vul
1274 2364 1300 2388 p.
1313 2356 1385 2386 742).
1404 2370 1435 2373 —
1454 2356 1599 2382 Praeterea
1617 2356 1648 2382 in
1665 2356 1798 2390 epistula
1815 2357 1854 2383 ad
1867 2357 2060 2384 Remmia

415 2393 457 2418 sic
473 2393 575 2419 scribit
590 2395 709 2427 Keplcr:
732 2396 910 2422 »Miraberis
928 2398 964 2422 de
982 2398 1103 2424 mendis
1122 2399 1152 2424 in
1169 2402 1257 2425 textu.
1275 2400 1387 2425 Verum
1405 2404 1462 2428 est:
1480 2404 1532 2426 aut
1548 2408 1606 2434 ego
1623 2401 1756 2427 nimium
1773 2401 1917 2428 curiosus
1933 2399 2059 2428 heredi-

413 2437 470 2462 bus
488 2437 572 2463 visus
590 2439 631 2463 tui
650 2439 679 2464 in
697 2440 809 2468 alieno,
826 2444 876 2465 aut
894 2441 1033 2467 hoeredes
1048 2442 1140 2468 nimis
1154 2443 1348 2476 negligentes
1361 2444 1455 2472 tuere.
1473 2448 1503 2470 ut
1516 2445 1586 2471 ideo
1599 2453 1648 2471 me
1661 2445 1872 2479 ablegaverint
1883 2449 1911 2472 et
1922 2445 2060 2479 adinto-

413 2482 612 2513 corrigendos
631 2492 691 2508 non
710 2484 922 2509 adhibuerint-
948 2485 1014 2518 (Ορ,
1035 2486 1074 2511 ΙΙΙ
1093 2495 1119 2519 ρ,
1137 2487 1209 2517 701).
