2164 3246
123 543 139 569 5

477 210 1135 249 PROGYMNASMATUM
1157 210 1363 248 PRIMA
1384 210 1536 249 PARS
1766 211 1834 250 215

178 321 354 364 propter
374 318 420 354 in
435 316 609 364 Triang.
627 317 749 354 ABP
765 329 866 355 cum
883 318 1040 355 dentur
1056 317 1144 355 duo
1161 317 1319 355 Latera
1334 317 1421 360 PA,
1443 318 1485 355 P.
1503 318 1565 356 90.
1585 316 1609 365 l.
1627 318 1690 356 52.
1709 316 1752 365 ll.
1770 318 1832 361 57,

177 375 221 408 vt
241 371 374 418 prius,
395 369 481 414 PB,
502 370 545 407 P.
563 370 625 408 83.
645 369 670 418 l.
687 370 750 408 22.
770 369 812 418 ss.
830 371 866 413 8,
889 371 1062 419 Compl.
1082 371 1269 409 Latitud.
1290 370 1508 409 inferioris
1531 371 1698 418 Capitis
1718 374 1772 415 II,
1796 371 1834 409 8(

177 422 381 471 Angulus
403 422 661 461 differentiae
685 423 990 471 Longitudinis
1012 424 1146 468 APB,
1172 429 1279 471 part.
1304 425 1357 462 17.
1381 426 1486 462 min.
1508 425 1571 463 59.
1598 423 1640 472 ll.
1663 425 1717 469 10,
1741 436 1834 463 non

176 476 447 524 ignorabitur
472 476 606 514 Latus
631 477 713 514 BA
739 483 846 524 part.
866 478 919 515 19.
943 476 968 525 l.
985 478 1048 516 27.
1072 476 1114 525 ll.
1131 478 1194 520 40,
1221 478 1502 525 intercapedo
1528 478 1763 516 Stellarum
1790 481 1825 521 Π

177 530 470 573 assumtarum,
501 541 602 568 cum
628 530 802 568 Coelesti
832 531 1111 569 animaduer-

176 582 295 621 fione
310 582 410 621 satis
426 582 712 627 consentiens,
731 583 768 621 8(
785 595 839 621 ex
851 586 964 622 notis
976 585 1112 622 tribus
1513 556 1556 615 p

87 644 152 676 213
177 636 369 675 eiusdem
380 633 582 686 An-ssguli
595 636 835 681 Lateribus,
851 649 941 675 non
953 637 1111 675 subter-

175 689 310 738 fugiet
329 689 533 738 Angulus
554 690 670 727 ΡΑΒ
692 696 799 737 part.
817 691 879 728 67.
899 689 924 738 l.
942 692 968 728 1.
988 689 1031 738 ll.
1048 691 1111 729 50.
1630 714 1673 755 Ο

175 742 352 781 Dehinc
374 745 420 781 in
439 743 680 791 Triangulo
702 743 831 782 ΒΑΕ
855 756 956 781 cum
980 746 1112 782 etiam

107 809 138 836 ιο
175 796 277 835 data
296 796 375 834 fint
395 798 477 835 tria
497 796 667 840 Latera,
688 802 732 834 vt
752 797 851 834 satis
872 798 1112 835 attendenti

174 849 323 898 liquet,
346 850 551 898 Angulus
573 849 702 888 BAC
725 862 816 888 non
839 853 986 888 minus
1010 863 1110 889 con-

105 1076 135 1102 15

93 2143 126 2170 3⁵

91 2410 125 2436 40

173 903 295 942 stabit
310 909 417 951 part.
435 903 489 942 61.
508 901 533 951 l.
551 903 614 942 48.
634 901 677 951 ll.
695 904 722 941 1.
745 903 941 941 Demum
957 906 1003 941 in
1019 904 1110 942 Tri-

173 956 337 1005 angulo
357 957 432 995 PA
441 956 490 1001 C,
512 958 727 1004 quoniam
748 957 837 995 duo
858 957 1016 995 Latera
1036 958 1111 995 PA

174 1009 212 1048 &
229 1010 315 1049 CA
331 1016 437 1049 nota
452 1010 561 1055 sunt,
582 1010 870 1058 Angulusque
892 1010 961 1048 his
982 1013 1110 1048 inter-

173 1069 334 1112 ceptus,
365 1075 418 1102 ex
447 1062 662 1102 subtracto
687 1064 866 1112 Angulo
897 1064 1026 1102 BAC
1056 1064 1110 1102 ab

171 1117 350 1165 Angulo
379 1117 504 1155 ΡΑΒ
533 1122 719 1165 vtroque
749 1118 883 1156 modo
913 1120 1109 1162 inuento,

170 1173 403 1218 proueniat
425 1176 533 1218 part.
558 1171 594 1209 5.
620 1169 645 1219 l.
670 1171 723 1209 13.
749 1169 791 1219 ll.
815 1171 879 1215 50,
903 1182 995 1208 non
1019 1183 1109 1209 am-

170 1223 285 1272 plius
308 1223 443 1263 latere
463 1226 621 1272 poterit
641 1225 784 1262 Arcus
806 1224 882 1263 PC
904 1224 1109 1272 Comple-

169 1282 370 1316 mentum
381 1277 643 1316 Latitudinis
656 1277 802 1316 Stellae
815 1278 1033 1316 Draconis
1046 1290 1109 1315 re-

169 1330 437 1378 praesentans
462 1336 570 1379 part.
591 1332 628 1370 5.
653 1329 678 1379 l.
701 1332 754 1369 14.
778 1329 822 1379 ll.
845 1332 889 1369 11.
917 1332 1109 1378 Ideoque

169 1384 315 1423 Stellae
332 1396 437 1423 vera
453 1385 658 1423 Latitudo
674 1390 782 1432 part.
795 1385 858 1423 84.
873 1383 898 1433 l.
911 1385 974 1423 45.
989 1383 1032 1432 ss.
1044 1385 1108 1428 49,
1130 1395 1177 1436 D

169 1449 196 1476 a
210 1437 408 1486 superius
423 1440 619 1483 inuenta,
640 1438 712 1476 sex
728 1438 878 1476 saltem
894 1438 1109 1485 scrupulis
1185 1420 1228 1465 'V
1785 1428 1831 1477 F

167 1490 366 1530 secundis
382 1491 601 1536 differens,
618 1491 929 1530 manifestatur.
1164 1476 1209 1521 A
1366 1479 1417 1523 E

220 1544 360 1583 Lubet
379 1550 529 1584 autem
549 1545 665 1584 hanc
681 1545 818 1593 ipsam
835 1545 1029 1584 stellulae
1047 1545 1265 1583 Draconis
1283 1545 1591 1590 Latitudinem,
1614 1546 1825 1593 siquidem

167 1600 213 1636 in
229 1610 282 1637 ea
297 1598 410 1637 adeo
426 1598 616 1637 multum
634 1601 749 1637 circa
766 1601 949 1646 negocij,
972 1598 1090 1646 quod
1111 1599 1380 1636 intendimus
1402 1599 1701 1646 praecisionem
1724 1611 1823 1637 con-

167 1651 439 1697 stituendam,
451 1652 577 1690 fitum
589 1652 648 1697 fit,
661 1653 749 1691 alia
763 1654 933 1690 ratione
946 1664 999 1690 ex
1013 1652 1168 1690 eadem
1181 1652 1339 1700 Figura
1350 1653 1636 1699 praecedente,
1649 1664 1726 1701 per
1733 1654 1823 1691 An-

167 1705 320 1753 gulum
335 1706 391 1744 ad
408 1706 442 1744 B
458 1706 728 1754 inuestigare.
751 1706 868 1745 Cum
885 1708 1003 1743 enim
1020 1708 1066 1743 in
1081 1705 1322 1753 Triangulo
1339 1706 1459 1743 PBA
1477 1709 1629 1744 omnia
1644 1709 1727 1745 tria
1743 1707 1823 1745 La-

166 1763 259 1797 tera
273 1764 380 1797 nota
395 1759 490 1803 fint;
507 1759 696 1807 ideoque
713 1759 917 1808 Angulus
933 1759 1055 1797 ABP
1071 1765 1178 1806 part.
1197 1759 1267 1797 112.
1287 1758 1312 1807 l.
1329 1759 1365 1797 3.
1385 1758 1397 1807 Ι
1403 1758 1414 1807 l
1421 1790 1427 1797 .
1445 1759 1496 1798 27
1513 1760 1682 1798 euadet.
1701 1760 1769 1798 Sic
1785 1760 1823 1798 8(

166 1814 212 1850 in
222 1812 463 1861 Triangulo
474 1813 595 1851 ΑΒΕ
608 1815 741 1852 etiam
753 1825 806 1851 ex
819 1813 1025 1851 omnibus
1037 1815 1218 1860 cognitis
1231 1813 1471 1857 Lateribus,
1488 1813 1691 1861 Angulus
1704 1813 1823 1852 CBA

166 1865 372 1904 constabit
387 1872 496 1914 part.
508 1867 580 1905 117.
595 1865 620 1915 l.
632 1867 668 1905 Ο.
683 1865 726 1915 ll.
740 1867 793 1911 16,
811 1878 837 1904 a
854 1878 943 1914 quo
960 1867 1132 1904 demtus
1148 1868 1267 1914 prior
1278 1866 1350 1904 ille
1362 1867 1497 1911 ABP,
1514 1867 1720 1914 relinquit
1732 1868 1822 1905 An-

164 1919 318 1968 gulum
334 1920 452 1958 CBP
467 1926 635 1965 notum,
652 1926 760 1968 part.
773 1921 809 1958 4.
826 1922 932 1958 min.
945 1920 1007 1958 56.
1027 1918 1070 1967 ll.
1083 1920 1146 1957 49.
1165 1920 1284 1957 Hinc
1300 1922 1346 1957 in
1362 1919 1603 1968 Triangulo
1620 1920 1750 1964 BPC,
1769 1932 1823 1958 ex

164 1973 343 2022 Angulo
365 1973 421 2012 ad
445 1974 479 2012 Β
502 1980 621 2017 noto,
645 1973 684 2012 8(
707 1973 935 2012 Lateribus
957 1973 1029 2011 BP
1050 1979 1181 2020 atque
1204 1973 1283 2011 BC
1304 1973 1495 2011 eundem
1519 1973 1822 2021 compraehen-

164 2026 378 2071 dentibus,
388 2033 432 2065 vt
444 2038 497 2065 ex
509 2027 868 2066 antecedentibus
880 2027 1027 2074 liquet,
1041 2028 1272 2074 proueniet
1284 2026 1430 2064 rursus
1443 2027 1577 2065 Latus
1586 2027 1658 2065 PC
1668 2033 1775 2075 part.
1785 2028 1821 2065 5.

165 2078 253 2128 Ι.14.
266 2078 309 2128 ll.
320 2081 374 2125 14,
388 2080 778 2129 Complementum
791 2080 1053 2119 Latitudinis
1065 2080 1210 2118 Stellae
1221 2080 1440 2118 Draconis
1452 2080 1691 2128 defignans,
1704 2081 1822 2118 ideo-

164 2144 249 2181 que
265 2133 304 2172 &
320 2133 457 2182 ipsam
473 2134 771 2173 Latitudinem
787 2140 895 2182 part.
913 2134 975 2171 84.
995 2132 1020 2180 l.
1037 2134 1100 2171 45.
1120 2132 1163 2181 ll.
1181 2133 1244 2177 46,
1267 2134 1384 2181 quod
1406 2133 1552 2172 adhuc
1569 2136 1750 2182 propius
1766 2135 1821 2172 ad

162 2186 290 2235 supra
306 2189 536 2226 inuentam
553 2188 849 2226 Latitudinem
870 2187 1047 2231 accedit,
1069 2189 1203 2225 ternis
1223 2187 1374 2225 saltem
1395 2187 1606 2234 scrupulis
1624 2187 1822 2225 secundis

162 2252 262 2279 eam
287 2242 514 2280 excedens.
542 2242 771 2279 Inuenitur
794 2241 969 2288 insuper
992 2242 1037 2277 in
1061 2239 1173 2278 dicto
1197 2240 1437 2288 Triangulo
1462 2241 1592 2283 BPC,
1619 2241 1821 2289 Angulus

161 2293 217 2332 ad
233 2294 276 2339 P,
293 2300 400 2342 part.
418 2295 481 2333 69.
501 2293 526 2343 l.
539 2296 575 2333 7.
594 2293 637 2343 ll.
653 2295 716 2339 56,
734 2294 1044 2333 Differentiam
1061 2294 1366 2342 Longitudinis
1383 2294 1528 2332 Stellae
1546 2294 1765 2332 Draconis
1783 2294 1821 2331 8(

161 2347 379 2386 inferioris
394 2350 441 2386 in
458 2348 688 2396 Capitibus
709 2351 742 2391 Π
763 2347 1101 2387 subministrans.
1125 2347 1224 2385 Hac
1243 2350 1391 2395 itaque
1408 2347 1575 2386 adiecta
1592 2348 1646 2385 ad
1664 2348 1819 2395 Longi-

162 2401 359 2439 tudinem
375 2401 500 2440 ‹1161ae
517 2401 663 2440 Stellae
684 2404 717 2445 Π
738 2401 935 2450 superius
952 2401 1201 2444 indicatam,
1222 2401 1374 2448 pandit
1391 2401 1584 2439 Stellulae
1602 2401 1820 2439 Draconis

161 2453 501 2503 Longitudinem
517 2458 563 2493 in
579 2462 686 2503 part.
699 2455 762 2493 26.
776 2458 879 2493 min.
894 2456 956 2494 38.
972 2453 1015 2502 ll.
1028 2454 1079 2492 26
1096 2454 1298 2502 Virginis,
1317 2455 1435 2502 quod
1452 2454 1749 2492 insensibiliter
1765 2454 1819 2492 ab

159 2513 290 2546 antea
305 2509 489 2547 inuenta
505 2508 726 2557 discrepat.
