2243 3225
409 200 476 238 138
784 195 1238 235 ASTRONOMIAE
1259 193 1680 233 INSTAURATAE

407 306 486 343 bus
504 304 693 352 Epochae
711 303 968 351 adijcienda,
990 314 1090 349 quae
1108 304 1239 340 etiam
1251 303 1377 349 juxta
1393 311 1630 338 numerum
1646 300 1829 344 dierum,
1851 300 2051 340 Mensem

406 365 616 406 praeterea
637 357 840 403 diemque
862 355 936 393 &c.
957 356 1186 403 indigitant
1206 354 1365 392 mediae
1391 356 1424 396 0‘
1449 359 1524 391 aut
1547 351 1591 402 00
1617 353 1819 401 quaefitae,
1842 355 2050 401 quemad-

405 411 587 448 modum
604 412 648 447 in
665 409 875 456 exemplis
891 408 1167 455 postmodum
1182 406 1369 455 patefiet.

533 503 795 542 QUOMODO
816 503 1010 535 TEMPUS
1030 502 1180 534 VERAE
1200 503 1234 543 0‘
1253 502 1356 534 AUT
1374 492 1418 544 05>
1438 501 1589 539 QUAM
1610 501 1830 534 PROXIME
1851 501 1924 533 SIT

1039 554 1415 587 INVENIENDUM.

484 611 1040 651 ROSTHAPHAERESES
1051 610 1274 658 utriusque
1287 611 1538 648 Luminaris
1547 610 1798 648 Anomaliis
1810 610 2052 649 eorundem

483 668 602 713 prius
623 667 810 703 inventis
831 669 1138 712 competentes,
1161 675 1183 701 e
1203 663 1363 702 tabulis
1383 663 1468 701 suis
1480 665 1606 711 juxta
1622 669 1841 711 praecepta
1855 663 2050 712 superius

402 720 559 757 tradita
586 721 770 766 inquire,
799 718 837 756 8(
865 718 1075 765 expende,
1103 719 1228 765 cujus
1256 717 1645 754 Denominationis
1671 716 1850 764 fingulae
1878 716 2049 756 fuerint.

404 773 588 815 Etenim,
610 772 639 809 fi
659 771 837 810 diversae
858 773 1058 815 invicem,
1081 782 1155 808 eas
1171 771 1401 818 conjunge,
1424 769 1461 807 &
1482 769 1664 808 habebis
1680 769 1925 808 distantiam
1939 772 2051 809 inter

402 825 594 863 mediam
615 825 652 862 8(
673 836 823 862 veram
844 828 877 867 0²
897 824 966 861 vel
986 821 1044 873 00.
1067 823 1173 862 Vtra
1188 835 1306 867 vero,
1328 834 1417 870 quo
1438 823 1493 861 ad
1508 822 1716 871 Tempus,
1736 823 1956 871 praecedat
1975 829 2050 862 aut

402 878 616 925 sequatur,
634 878 865 925 cognoscas
878 889 931 915 ex
943 878 1108 915 Lunari
1123 875 1494 924 prosthaphaerefi.
1512 875 1640 922 Quae,
1656 875 1686 914 fi
1702 876 1894 915 ablativa
1908 876 2049 922 fuerit,

402 931 568 979 signum
585 931 651 975 est,
668 931 861 978 Tempus
877 931 1035 968 mediae
1047 930 1117 968 vel
1137 933 1170 972 0‘
1190 930 1260 967 vel
1279 927 1338 979 (ξ),
1355 941 1507 968 veram
1522 930 1774 977 praeceffisse,
1792 929 1830 968 8(
1847 941 1870 968 e
1886 935 2048 969 contra.

402 985 518 1022 Cum
534 996 638 1022 vero
655 990 850 1031 vtraeque
866 983 1273 1031 Prosthaphaereses,
1294 989 1386 1021 tam
1401 982 1526 1026 Solis,
1546 994 1682 1030 quam
1698 983 1838 1021 Lunae
1858 982 2050 1031 ejusdem

399 1037 553 1085 speciei
574 1038 746 1081 fuerint,
768 1043 912 1084 atque,
934 1037 1053 1084 quod
1074 1048 1174 1075 raro
1194 1036 1253 1080 fit,
1275 1036 1483 1084 aequales,
1504 1041 1676 1083 tempus
1697 1036 1856 1075 mediae
1877 1035 1915 1074 8(
1933 1047 2049 1075 verae

408 1094 442 1133 0‘
466 1091 535 1128 vel
554 1088 598 1139 00
623 1093 669 1128 in
690 1090 806 1128 idem
827 1096 1102 1128 momentum
1123 1090 1342 1128 coincidit:
1364 1089 1441 1128 Sin
1461 1100 1566 1127 vero
1588 1089 1843 1137 inaequales,
1865 1088 1903 1127 &
1924 1089 2050 1128 Luna

399 1145 540 1191 major
565 1149 696 1191 atque
722 1143 926 1187 ablativa,
950 1143 1020 1181 vel
1044 1145 1190 1181 minor
1214 1142 1252 1180 8(
1275 1141 1501 1191 adjediiva,
1527 1142 1681 1181 Media
1705 1142 1877 1191 syzygia
1899 1154 2051 1182 veram

398 1197 615 1244 praecedit‚
633 1196 671 1234 &
688 1208 710 1234 e
727 1202 890 1241 contra,
912 1196 941 1234 fi
958 1196 1070 1235 Solis
1087 1195 1470 1244 Prosthaphaerefis
1489 1195 1617 1234 fuerit
1633 1195 1717 1234 hoc
1733 1196 1867 1234 modo
1883 1194 2049 1235 affedla.

399 1251 692 1298 Aggregatum
713 1255 861 1288 autem
882 1249 1323 1297 Prosthaphaerefium
1344 1251 1390 1287 in
1411 1248 1510 1287 casu
1530 1251 1677 1296 priori,
1700 1248 1738 1287 8(
1759 1248 2050 1288 differentiam

399 1304 641 1341 earundem
657 1305 702 1341 in
718 1303 954 1350 posteriori,
975 1305 1021 1341 in
1037 1303 1232 1350 Tempus
1249 1302 1479 1350 quaefitum
1494 1302 1548 1340 fic
1564 1302 1741 1340 resolve.
1764 1302 1882 1341 Cum
1901 1302 2050 1341 iisdem

398 1356 639 1404 multiplica
654 1357 705 1394 24
722 1356 884 1401 Horas,
908 1356 945 1394 &
966 1356 1183 1394 summam
1204 1358 1364 1404 partire
1386 1357 1431 1393 in
1453 1361 1624 1393 motum
1642 1355 1852 1394 diurnum
1869 1355 2008 1394 Lunae
2023 1367 2051 1394 a

398 1409 510 1452 Sole,
529 1416 745 1457 quantum
761 1410 887 1448 illum
904 1410 1130 1448 anomalia
1147 1409 1286 1447 Lunae
1304 1421 1357 1447 ex
1374 1409 1583 1447 columna
1598 1411 1741 1456 prima
1756 1408 2050 1457 subsequentis

397 1462 559 1501 tabulae
575 1462 828 1510 suppeditat.
847 1463 982 1501 Hunc
999 1469 1197 1511 quotum,
1214 1462 1244 1501 fi
1259 1464 1446 1510 tempori
1458 1462 1624 1500 Mediae
1645 1465 1679 1505 ό
1699 1462 1769 1500 vel
1787 1459 1832 1512 00
1850 1464 1971 1510 prius
1986 1473 2049 1500 re-

397 1522 519 1563 perto
541 1518 618 1554 rite
639 1517 928 1564 adaptaveris,
951 1516 1125 1555 resultat
1145 1522 1318 1564 tempus
1337 1527 1454 1554 verae
1475 1515 1659 1564 syzygiae
1677 1516 1984 1554 Luminarium
2004 1517 2050 1554 in

398 1569 645 1617 Eclypfibus
658 1581 793 1617 quam
804 1572 1015 1618 proxime.
1029 1570 1290 1608 Notandum
1301 1581 1407 1607 vero
1419 1568 1503 1613 hic,
1517 1569 1634 1617 quod
1647 1569 1927 1607 intervallum
1939 1571 2051 1608 inter

396 1623 593 1661 medium
610 1623 647 1661 &
664 1635 818 1661 verum
834 1623 1028 1671 Tempus
1045 1625 1177 1661 unius
1193 1623 1377 1671 syzygiae
1394 1622 1452 1660 H.
1471 1622 1533 1663 133
1550 1634 1783 1670 nunquam
1800 1622 1991 1661 excedat.

805 1730 893 1767 AN
915 1729 1170 1768 SYZYGIA
1192 1729 1279 1768 SIT
1301 1728 1642 1768 ECLYPTICA.

478 1791 649 1835 ORRO,
668 1798 713 1829 ut
730 1792 976 1839 cognoscas,
993 1804 1051 1830 an
1067 1798 1240 1840 tempus
1256 1791 1440 1840 syzygiae
1457 1791 1503 1829 fit
1520 1791 1803 1839 Eclypticum,
1822 1802 1881 1829 an
1896 1790 2050 1830 scilicet

477 1845 736 1892 Deliquium
757 1845 938 1893 aliquod
960 1845 1186 1884 constituto
1202 1845 1421 1892 Tempore
1447 1848 1480 1888 0‘
1505 1851 1580 1883 aut
1600 1842 1644 1894 00
1664 1843 1749 1888 fiet,
1771 1855 1851 1882 nec
1872 1855 1976 1888 non,
1996 1843 2049 1882 fic

397 1910 487 1946 age.
501 1898 717 1946 Simplicis
728 1898 988 1937 Latitudinis
1003 1900 1060 1944 ΣΞ
1073 1905 1243 1937 motum
1255 1910 1332 1946 per
1343 1897 1738 1946 Prosshaphaerefin
1748 1897 2050 1946 Longitudinis

395 1954 515 1998 prius
527 1954 755 1990 inventum
768 1963 964 2000 coaequa,
981 1964 1031 1990 ac
1044 1964 1195 1991 veram
1207 1952 1347 1990 Lunae
1360 1952 1656 1990 Latitudinem
1668 1953 1841 1999 inquire
1853 1953 1899 1989 in
1910 1950 2048 1989 Lunae

396 2005 577 2053 Eclypsi:
600 2007 644 2042 in
662 2005 774 2043 Solis
791 2011 952 2049 autem,
970 2005 1117 2048 visam.
1138 2005 1288 2044 habita
1304 2007 1474 2043 ratione
1491 2004 1773 2043 Parallaxeos
1790 2003 2049 2043 Latitudinis

395 2058 441 2096 ἑν
458 2057 621 2102 πλάτει,
644 2058 761 2105 quod
779 2059 933 2106 prodit.
956 2059 984 2096 fi
1006 2061 1153 2097 minus
1175 2058 1230 2096 est
1250 2058 1594 2097 Semidiametris
1614 2058 1671 2102 ΒΞ
1688 2069 1738 2096 ac
1755 2057 1932 2096 Vmbrae
1948 2068 2047 2096 con-

392 2110 551 2158 junciis
568 2114 612 2148 in
633 2112 690 2155 ΒΦ
708 2112 901 2159 deliquio
918 2117 993 2150 aut
1013 2114 1056 2156 <D
1077 2112 1114 2149 8(
1135 2113 1163 2157 D
1181 2114 1226 2150 in
1239 2111 1404 2160 Eclypfi
1420 2110 1508 2156 Θῑὸ,
1525 2118 1619 2149 tum
1635 2111 1797 2149 indicio
1814 2110 1881 2154 est,
1899 2110 2048 2159 Eclyp-

396 2163 456 2201 fin
475 2170 590 2201 certo
607 2164 817 2202 futuram.
836 2165 919 2203 Sed
932 2165 969 2203 8(
982 2165 1330 2213 compendiosius
1343 2165 1459 2203 idem
1471 2167 1516 2203 in
1529 2165 1693 2202 Lunari
1707 2163 1873 2212 Eclypli
1885 2165 2047 2212 experi-

395 2218 700 2255 mentabimur.
720 2217 1097 2265 Quandoquidem
1111 2219 1371 2256 Latitudinis
1383 2224 1528 2256 motus
1541 2224 1809 2265 coaequatus.
1822 2217 1851 2255 si
1863 2215 2048 2266 Eclypfis

394 2269 477 2312 fiet,
499 2272 611 2308 intra
632 2270 878 2309 distantiam
895 2272 948 2309 ab
967 2272 1176 2309 alterutro
1194 2272 1414 2309 nodorum
1431 2272 1490 2311 12:
1511 2271 1553 2309 P.
1572 2273 1785 2309 contineri
1803 2271 1940 2309 debet.
1964 2269 2046 2309 Sed

395 2323 562 2369 praessat
579 2323 707 2370 ipsius
722 2325 994 2366 Latitudinis,
1012 2336 1112 2362 cum
1130 2325 1553 2363 semidiametrorum
1570 2324 1774 2362 mensura
1790 2324 1924 2362 modo
1939 2322 2046 2361 indi-

395 2382 502 2417 cata,
516 2377 703 2418 collatio,
717 2378 771 2414 ad
787 2378 980 2424 Deliquii
995 2378 1216 2425 utriusque
1231 2378 1480 2415 Luminaris
1494 2379 1704 2416 indicium
1717 2376 2045 2415 ostendendum:

395 2431 586 2467 maxime
605 2442 707 2467 vero
729 2429 816 2474 Ois,
834 2431 889 2468 ob
907 2431 1204 2468 Parallaxium
1222 2432 1579 2478 implicationem,
1597 2433 1642 2468 in
1659 2430 1834 2469 diverfis
1851 2430 2045 2469 climati-

395 2482 475 2519 bus
492 2483 761 2520 variabilem.
780 2480 794 2532 ΙΙ
1735 2534 2031 2575 PROBATIO

2089 836 2119 862 10

2089 1102 2118 1128 15

2084 1634 2116 1660 2⁵

2083 1961 2116 1987 ³0

2083 2226 2114 2253 ³⁵
