2164 3246
420 210 1080 252 PROGYMNASMATUM
1103 215 1306 255 PRIMA
1328 218 1478 257 PARS
1707 223 1773 260 147

127 315 350 362 subtracta,
367 317 585 365 relinquet
595 317 732 356 visam
744 318 1040 358 Latitudinem
1054 321 1083 366 3)
1095 321 1131 359 3.
1146 320 1158 369 Ι
1164 353 1171 360 .
1185 323 1237 360 15.
1252 322 1264 370 Ι
1270 322 1282 370 Ι
1288 354 1295 361 .
1309 324 1421 371 Sept.
1437 325 1567 373 idque
1584 326 1773 374 respectu

127 371 347 419 utriusque
363 370 617 415 Parallaxis,
633 376 725 409 tam
744 373 788 416 Θ
808 384 943 419 quam
962 374 991 418 ))
1009 373 1179 421 (scilicet
1196 388 1222 414 a
1238 376 1388 415 visibili
1405 378 1639 426 Ecliptica).

430 450 542 489 PRO
564 450 1037 492 SEMIDIAMETRIS
1058 454 1471 495 LUMINARIUM.

129 513 313 608 CVM
340 513 696 551 animadversum
718 513 765 551 fit
787 515 832 551 in
857 517 891 557 0‘
917 515 1223 554 Luminarium
1245 518 1462 566 Ecliptica,
1487 521 1658 558 Lunam
1682 534 1772 560 non

76 582 91 608 5
238 568 424 605 retinere
446 566 635 605 eandem
655 567 919 605 diametrum
940 568 1162 614 visibilem,
1187 582 1321 617 quam
1342 572 1451 610 alias
1474 573 1615 616 habet.
1640 574 1708 612 sed
1730 578 1772 612 vi

126 621 324 660 Luminis
350 618 473 664 ΘῙὸῐίε
495 622 715 668 margines
739 622 833 658 eius
856 625 1096 665 extenuari,
1121 626 1264 670 optica
1286 625 1436 672 aliqua
1459 626 1500 663 id
1524 627 1770 674 suggerente

125 676 305 718 ratione,
321 673 447 718 adeo,
464 678 511 711 ut
527 675 682 721 quinta
697 673 818 721 quafi
834 686 935 721 pars
950 676 978 719 D
991 675 1044 712 fic
1058 676 1249 720 decedat,
1266 690 1345 715 nec
1357 678 1464 716 visui
1476 679 1558 717 sese
1572 680 1770 725 infinuet;

125 727 283 767 idcirco
298 726 563 765 diametrum
584 727 614 772 D
632 733 920 775 apparentem
936 730 981 766 in
1004 732 1038 771 0‘
1061 729 1276 777 Eclipticis
1293 731 1496 769 nonnihil
1512 735 1682 771 variare
1700 746 1770 771 ne-

125 781 277 820 cessum
296 779 547 824 habuimus,
568 785 698 828 prout
718 780 809 828 ipsa
823 780 996 819 Tabula
1016 781 1118 820 huic
1140 782 1286 821 officio
1303 784 1508 831 deputata
1529 786 1611 823 hoc
1633 787 1770 824 discri-

60 847 91 875 10
124 845 226 874 men
241 833 433 872 ostendit.

177 887 293 926 Cum
308 886 551 925 Anomalia
566 888 714 934 itaque
734 888 778 932 Θ
798 888 1017 935 ingredior
1033 888 1191 927 dictam
1207 890 1403 928 tabulam
1419 891 1769 930 Semidiametro-

123 942 497 988 ruminvenioque
507 940 894 979 Semidiametrum
907 943 950 986 Θ
963 942 1016 979 16.
1022 940 1034 989 Ι
1041 973 1048 979 .
1058 942 1094 980 0.
1100 941 1112 990 Ι
1118 941 1130 990 Ι
1136 955 1157 980 .:
1167 942 1357 981 similiter
1366 945 1616 983 Anomaliae
1628 948 1768 992 primo

124 999 363 1042 coaequatae
379 993 608 1042 respondet
623 993 942 1032 semidiameter
957 996 986 1039 J)
998 1007 1128 1033 novae
1144 996 1196 1034 12.
1211 995 1236 1044 Ι.
1249 997 1311 1035 48.
1326 996 1368 1044 ΙΙ.
1386 999 1677 1046 Aggregatum
1694 1011 1768 1037 au-

122 1053 209 1087 tem
224 1047 662 1087 Semidiametrorum
676 1049 720 1092 Θ
736 1047 774 1085 8(
793 1048 822 1092 D
840 1047 895 1086 est
910 1048 973 1086 28.
987 1047 1013 1096 Ι.
1025 1049 1087 1087 48.
1103 1048 1145 1097 ΙΙ.
1158 1062 1184 1087 a
1197 1062 1284 1097 quo
1301 1050 1523 1088 auferatur
1539 1052 1720 1090 latitudo
1741 1054 1768 1097 D

58 1114 88 1140 15
122 1100 221 1146 visa,
238 1102 404 1149 eritque
416 1100 636 1139 refiduum
647 1101 711 1139 25.
725 1099 751 1149 Ι.
763 1101 814 1139 33
828 1099 871 1149 ΙΙ.
890 1101 983 1140 Iam
995 1114 1072 1149 per
1082 1105 1422 1150 proportionem,
1440 1111 1567 1152 prout
1584 1105 1622 1143 se
1640 1105 1769 1143 habet

121 1156 286 1203 integra
308 1154 520 1193 diameter
543 1155 588 1199 Θ
612 1154 675 1193 32.
699 1152 725 1203 Ι.
745 1154 782 1193 Ο.
806 1153 849 1203 ΙΙ.
873 1155 929 1193 ad
953 1155 994 1193 12
1017 1156 1187 1204 digitos:
1212 1157 1275 1194 Ita
1298 1157 1514 1195 refiduum
1538 1159 1592 1196 ad
1616 1159 1769 1206 digitos

123 1207 362 1256 Eclipticos.
382 1206 601 1256 Factaque
617 1210 874 1256 operatione
891 1209 1108 1256 prodeunt
1124 1209 1242 1257 digiti
1255 1210 1447 1258 Ecliptici
1458 1211 1494 1249 9.
1507 1211 1568 1249 34.
1584 1210 1609 1259 Ι.
1622 1212 1684 1250 52.
1699 1211 1728 1259 ΙΙ
1735 1243 1741 1249 .
1755 1209 1770 1262 ΙΙ

41 1294 101 1328 136
515 1288 628 1327 PRO
649 1287 971 1328 SCRUPULIS
992 1289 1377 1328 INCIDENTIAE.

194 1350 439 1389 VMMAM
455 1350 880 1390 semidiametrorum
898 1353 941 1395 Θ
961 1351 999 1389 8(
1014 1352 1042 1396 D
1055 1354 1100 1390 in
1116 1351 1316 1399 scrupula
1332 1352 1518 1391 secunda
1535 1353 1767 1391 resolutam

54 1416 87 1442 20
206 1403 449 1452 multiplica
461 1406 508 1443 in
521 1404 562 1443 se
574 1404 800 1452 quadrate,
815 1404 853 1442 &
867 1404 1049 1443 habebis
1061 1406 1324 1452 quadratum
1335 1406 1766 1444 semidiametrorum.

121 1457 323 1497 Latitudo
342 1458 372 1504 ))
388 1459 434 1496 in
449 1457 652 1506 scrupula
667 1458 857 1497 secunda
873 1458 1060 1497 resoluta
1072 1461 1118 1496 in
1129 1458 1169 1496 se
1181 1458 1321 1504 ducta,
1338 1459 1612 1497 subtrahatur
1625 1472 1650 1497 a
1663 1472 1767 1507 qua-

120 1511 243 1550 drato
257 1511 694 1557 semidiametrorum,
712 1511 750 1549 8(
766 1517 964 1550 remanet
979 1513 1243 1559 quadratum
1259 1512 1560 1560 scrupulorum
1577 1514 1767 1550 inciden-

119 1566 203 1610 tiae,
220 1566 344 1614 cujus
360 1565 486 1603 radix
502 1565 683 1604 ostendit
698 1565 901 1613 scrupula
917 1566 1178 1609 incidentiae,
1200 1566 1262 1604 28.
1282 1564 1307 1614 Ι.
1324 1566 1386 1604 33.
1406 1565 1435 1614 ΙΙ
1442 1597 1448 1604 .
1472 1566 1521 1604 Et
1538 1578 1637 1604 cum
1654 1566 1767 1604 visus

119 1623 264 1657 motus
281 1619 311 1664 ))
327 1630 354 1657 a
373 1620 417 1664 Θ
436 1624 538 1657 ante
554 1618 766 1658 vifibilem
786 1622 820 1662 0‘
832 1650 840 1663 ,
858 1625 904 1657 ut
920 1618 1082 1657 dietum
1098 1619 1188 1662 fuit,
1206 1621 1250 1657 in
1268 1620 1453 1657 assumtis
1470 1621 1647 1657 minutis
1663 1620 1725 1657 37.
1741 1618 1765 1667 Ι.

53 1682 86 1709 2⁵
120 1669 190 1720 12.Ι
195 1669 359 1720 l.fuerit
368 1670 440 1721 12.(
445 1670 516 1721 .3.Ι
521 1670 534 1721 Ι
539 1703 560 1717 .,
570 1678 792 1720 percurret
807 1673 836 1717 ))
849 1678 1109 1720 apparenter
1120 1673 1330 1720 ejusmodi
1340 1673 1539 1719 scrupula
1549 1675 1593 1710 in
1602 1673 1728 1710 Hora
1739 1674 1765 1710 1.

119 1724 182 1764 29.
199 1723 225 1773 Ι.
241 1725 304 1764 23.
323 1723 367 1774 ΙΙ.
388 1725 508 1773 quod
529 1725 584 1764 en
602 1725 797 1774 Tempus
818 1726 1079 1764 incidentiae.
1101 1726 1155 1763 Vt
1176 1732 1323 1764 autem
1345 1726 1558 1763 habeatur
1574 1726 1766 1773 Tempus

120 1777 392 1824 Euaemonis,
409 1784 634 1827 quaeratur
645 1779 701 1818 ad
712 1791 848 1818 vnam
860 1779 1018 1817 horam
1029 1779 1118 1827 post
1130 1779 1338 1817 visibilem
1354 1783 1387 1822 0‘
1403 1779 1642 1817 Parallaxis
1655 1779 1765 1816 Lon-

119 1832 334 1880 gitudinis,
348 1834 650 1881 repetiturque
661 1833 725 1872 30.
739 1831 765 1881 Ι.
778 1833 841 1871 34.
856 1831 868 1881 Ι
873 1831 886 1881 Ι
892 1864 912 1877 .,
925 1845 952 1871 a
964 1845 1051 1880 qua
1063 1832 1205 1870 deficit
1216 1833 1303 1877 illa,
1317 1844 1416 1879 quae
1429 1833 1484 1870 ad
1496 1832 1703 1869 visibilem
1725 1836 1758 1874 ό

119 1884 155 1924 6.
168 1882 268 1934 Ι.52.
282 1883 294 1934 Ι
299 1883 312 1934 Ι
318 1916 339 1931 .,
356 1897 458 1934 quae
473 1885 688 1926 subtracta
703 1898 729 1925 a
745 1898 850 1924 vero
867 1892 991 1924 motu
1007 1886 1184 1924 horario
1200 1886 1263 1924 27.
1278 1884 1290 1933 Ι
1296 1916 1302 1923 .
1316 1886 1368 1923 12.
1384 1884 1426 1933 ΙΙ.
1442 1886 1693 1932 relinquunt
1706 1887 1764 1922 vi-

51 1947 85 1975 30
119 1937 211 1977 sum
226 1938 456 1978 horarium
477 1940 506 1985 ))
524 1942 570 1978 in
586 1952 675 1979 vna
690 1939 803 1979 hora
818 1940 908 1988 post
923 1939 1132 1978 visibilem
1153 1943 1187 1982 0‘
1206 1939 1268 1977 20.
1288 1938 1313 1987 Ι.
1330 1939 1392 1977 20.
1412 1938 1441 1986 ΙΙ
1448 1970 1454 1976 .
1477 1939 1555 1976 Per
1572 1939 1689 1976 hunc
1706 1939 1765 1976 di-

118 1991 219 2031 vido
234 1991 436 2041 scrupula
451 1993 714 2038 incidentiae,
731 1993 770 2032 8(
786 1993 921 2032 existit
936 1993 1130 2040 Tempus
1147 1992 1397 2030 emerfionis
1414 1993 1440 2029 l.
1459 1992 1516 2029 H.
1534 1992 1595 2029 24.
1611 1990 1622 2038 Ι
1629 2022 1635 2028 .
1655 1992 1706 2029 15.
1722 1991 1733 2038 Ι
1740 1991 1751 2038 Ι
1758 2022 1764 2028 .

118 2043 310 2094 Tempus
324 2047 575 2085 incidentiae
586 2046 865 2086 subtrahatur
876 2059 902 2085 a
913 2052 1108 2094 tempore
1120 2046 1294 2084 visibilis
1310 2049 1343 2088 ό
1356 2076 1363 2087 .
1382 2045 1419 2083 8(
1436 2046 1576 2092 prodit
1589 2045 1765 2082 Initium

119 2097 291 2147 Eclipfis
310 2100 337 2138 1.
357 2099 416 2138 H.
438 2100 474 2139 7.
493 2098 519 2148 Ι.
540 2101 603 2139 54.
624 2099 668 2149 ΙΙ.
689 2100 719 2138 fi
739 2112 844 2139 vero
864 2100 1058 2147 Tempus
1080 2099 1340 2137 Emerfionis
1362 2099 1558 2140 addatur,
1583 2098 1764 2145 exsurgit

63 2152 84 2185 ‘¹'
118 2150 217 2191 finis
230 2153 267 2191 4.
284 2153 344 2192 H.
360 2153 397 2192 0.
413 2151 440 2202 Ι.
456 2153 520 2192 32.
536 2152 580 2202 ΙΙ.
597 2154 652 2192 Vt
667 2156 728 2193 ita
740 2153 853 2192 Tota
868 2154 1053 2197 duratio,
1071 2153 1239 2191 summa
1256 2154 1465 2190 nimirum
1482 2151 1642 2189 horum
1659 2152 1764 2189 duo-

51 2214 84 2242 3⁵
118 2216 216 2244 rum
230 2210 494 2254 temporum,
510 2207 557 2246 fit
572 2207 609 2246 2.
627 2207 686 2246 H.
704 2208 767 2246 52.
786 2206 812 2255 Ι.
829 2207 892 2245 46.
911 2206 954 2255 ΙΙ.

182 2285 292 2325 PRO
313 2286 447 2326 VISA
469 2286 1135 2379 LATITVD1N{&{531{EISAD
1158 2285 1394 2323 INITIVM
1417 2284 1488 2322 ET
1510 2284 1697 2322 FINEM

212 2401 304 2440 VM
319 2401 409 2441 visa
425 2403 673 2442 Latitudine
689 2404 718 2448 ))
730 2403 786 2442 ad
802 2403 999 2441 medium
1014 2401 1188 2450 Eclipsis
1205 2403 1317 2439 intra
1329 2400 1545 2438 Tabulam
1559 2399 1762 2437 Latitudi-

225 2456 293 2494 nis
305 2455 444 2495 Lunae
460 2456 675 2501 arealiter,
692 2462 739 2495 ut
750 2462 921 2500 vocant,
939 2456 977 2494 8(
993 2461 1163 2494 motum
1176 2455 1434 2493 Latitudinis
1447 2459 1761 2500 competentem

51 2516 84 2543 4ο
118 2517 311 2556 excerpe,
323 2511 393 2548 cui
405 2509 530 2548 aufer
542 2509 580 2548 &
592 2510 704 2548 adde
716 2510 918 2558 scrupula
930 2509 1190 2551 incidentiae,
1204 2508 1241 2545 8(
1255 2507 1434 2545 habebis
1446 2507 1760 2596 visuTmArngurX

225 2569 272 2596 19·
