2164 3246
415 222 1075 261 PROGYMNASMATUM
1098 224 1412 263 SECUNDA
1434 226 1585 264 PARS
1760 227 1827 265 315

174 329 360 375 Caesare,
382 334 513 377 atque
530 329 709 366 Auieno
725 328 858 367 latine
876 330 1056 375 reddita,
1078 337 1120 368 vt
1138 331 1295 369 constet
1314 333 1627 379 antiquissimos
1648 333 1724 370 esse
1747 333 1829 371 hos

172 385 331 432 partim
347 381 481 427 fictos,
497 384 657 430 partim
673 393 800 420 veros
816 383 1027 422 Annales.

445 453 593 491 Verfio
611 452 875 492 Carminum
892 455 1016 492 Arati
1034 455 1330 494 Ciceroniana
1346 455 1399 493 fic
1416 455 1557 494 habet.

333 515 530 555 Labitur
541 514 622 553 i11a
633 513 777 563 simul,
791 518 990 565 gnatam
1005 516 1268 567 lacrymosa
1284 518 1532 567 requirens

119 583 136 610 5
336 567 578 618 Cassiopea,
596 579 748 618 neque
765 580 825 608 ex
842 568 968 608 Coelo
985 569 1169 620 delapsa
1187 571 1354 610 decore

332 623 513 668 Fertur,
530 632 641 660 nam
660 620 793 671 verso
809 623 1092 674 contingens
1111 624 1286 663 vertice
1297 624 1503 673 primum

340 677 509 716 Terras
519 673 620 725 post
632 676 857 714 humeros
873 676 1036 725 euersa
1047 676 1158 726 sede
1174 677 1390 717 refertur.

332 730 470 769 Hanc
485 728 555 768 1‘111·
571 728 779 768 tribuunt
789 740 981 778 poenam
998 730 1228 770 Nereides
1245 732 1383 770 almae

335 783 449 823 Cum
466 782 634 833 quibus
652 784 703 821 vt
711 782 973 831 perhibent,
991 783 1101 833 ausa
1123 782 1185 832 est
1199 786 1482 824 contendere
1498 785 1662 824 forma.

104 868 135 894 ιο
656 854 953 893 Germanicus
970 855 1118 894 Caesar
1134 858 1194 894 ita
1209 858 1346 894 vertit.

334 916 436 965 Oua
451 917 600 955 Latus
615 915 826 955 Affixum
838 914 1001 965 sinuosi
1013 916 1201 967 respicit
1215 917 1403 968 Anguis

335 968 566 1020 Cassiopea
584 969 745 1008 Virum
761 968 926 1018 residet
933 969 1148 1019 sublimis
1165 972 1226 1010 ad
1239 970 1399 1021 ipsum.

335 1023 472 1064 Clara
488 1023 630 1063 etiam
642 1034 829 1073 pernox
843 1034 949 1062 cum
969 1023 1095 1063 Coelo
1111 1026 1244 1063 Luna
1260 1025 1483 1075 refulget:

331 1077 430 1117 Sed
447 1076 608 1116 breuis
623 1077 670 1116 d’c
677 1076 849 1126 paucis
866 1078 1085 1116 decorata
1101 1078 1149 1116 in
1168 1078 1334 1117 Sidera
1350 1078 1566 1117 flammis.

102 1144 133 1170 ιε
333 1130 497 1179 Qualis
513 1129 719 1170 ferratos
729 1129 918 1181 subiicit
931 1131 1163 1170 clauicula
1181 1132 1347 1171 dentes

332 1183 546 1224 Succutit
560 1184 607 1223 ἅτ
619 1183 802 1223 foribus
812 1184 1047 1233 praeducit
1062 1184 1250 1224 vincula
1268 1183 1461 1233 claustri,

81 1245 142 1277 311
337 1237 462 1277 Talis
477 1235 699 1287 dispositis
715 1237 878 1277 Stellis
893 1237 991 1287 ipsa
1006 1238 1197 1277 horrida
1216 1240 1357 1285 vultu,
1376 1236 1390 1290 ΙΙ

331 1290 412 1331 Sic
428 1291 576 1331 tendit
588 1292 792 1337 PaImas,
811 1302 896 1330 ceu
908 1290 964 1340 fit
973 1290 1218 1341 planctura
1234 1290 1441 1332 relictam

329 1344 692 1391 Andromedam,
709 1344 894 1384 meritae
909 1356 1002 1384 non
1019 1343 1131 1394 iusta
1142 1346 1333 1395 piacula
1350 1346 1533 1385 Matris.

99 1429 134 1455 20
669 1417 873 1455 Auienus
891 1417 1047 1455 eadem
1063 1417 1116 1455 fic
1133 1418 1329 1456 reddidit.

328 1477 530 1528 Rursum
547 1478 719 1518 decliui
727 1477 764 1527 si
778 1478 851 1528 vis
850 1490 927 1518 um
944 1479 1130 1519 tramite
1149 1491 1325 1530 vergas

329 1531 487 1571 Prima
504 1531 587 1571 tibi
599 1531 712 1572 flexi
725 1531 967 1582 linquatur
982 1533 1121 1583 Spira
1137 1533 1385 1579 Draconis,

329 1585 671 1625 Infortunatam
682 1584 915 1636 spectabis
934 1585 1225 1636 Cassiopeam,

331 1639 429 1679 Sed
440 1650 529 1679 nec
543 1640 691 1679 multa
708 1641 878 1686 tamen,
896 1651 1003 1679 cum
1023 1640 1199 1679 Coelum
1215 1640 1392 1680 lumine
1410 1643 1503 1680 toto

99 1705 132 1732 2⁵
329 1693 464 1732 Luna
479 1694 641 1743 replet,
659 1695 827 1732 tetram
846 1696 898 1733 vt
904 1692 1097 1743 superet
1111 1694 1195 1732 fax
1210 1705 1355 1733 aurea
1371 1692 1573 1734 Noctem.

332 1745 561 1787 Occurret
578 1746 794 1787 Genitrix
808 1747 958 1787 oculis
975 1747 1306 1797 quaerentibus,
1326 1747 1491 1796 adsunt

329 1799 507 1839 Lucida
522 1800 751 1847 maerenti,
771 1800 927 1840 tenuis
942 1801 1079 1840 rubet
1092 1801 1232 1852 ignis,
1250 1801 1297 1840 dr
1309 1812 1439 1852 aegre

329 1854 435 1893 Lux
447 1854 595 1893 hebes
611 1852 674 1902 est
686 1854 849 1893 Matri:
867 1854 947 1893 Vix
963 1856 1149 1904 qualem
1168 1854 1305 1894 Caria
1322 1856 1554 1904 quondam

329 1907 542 1947 Nouerat
554 1907 820 1954 intrantem,
835 1919 925 1957 per
939 1906 1134 1956 claustra
1152 1908 1337 1947 tenacia
1354 1910 1536 1947 clauem

98 1972 133 1998 30
328 1961 582 2000 Formatur
596 1961 759 2001 SteIIis
775 1959 1056 2009 distantibus,
1073 1961 1213 2011 inque
1230 1963 1467 2001 Humeros
1485 1962 1565 2000 Vix

336 2014 557 2054 Tenditur
569 2013 800 2065 angustos,
817 2017 944 2054 natae
960 2014 1062 2054 fera
1078 2016 1194 2054 Fata
1211 2016 1480 2054 recordans.

222 2093 307 2133 Sed
327 2094 433 2133 nolo
453 2094 522 2133 his
543 2095 733 2143 amplius
754 2097 994 2139 immorari,
1019 2107 1099 2133 nec
1123 2097 1254 2133 etiam
1278 2095 1374 2134 haec
1395 2096 1484 2143 ipsa
1505 2096 1681 2139 adduxi,
1706 2097 1823 2143 quod

168 2150 317 2196 magni
336 2151 552 2187 momenti
572 2149 649 2187 esse
669 2154 881 2196 reputem,
898 2149 968 2187 vel
984 2149 1039 2187 ad
1056 2161 1149 2187 rem
1166 2161 1301 2196 quam
1318 2150 1586 2187 intendimus
1603 2150 1822 2188 elucidan-

169 2201 284 2246 dam,
305 2213 574 2251 magnopere
594 2202 749 2241 facere.
772 2203 931 2250 Neque
953 2205 1072 2241 enim
1093 2205 1139 2240 in
1161 2214 1213 2241 ea
1233 2202 1327 2240 sum
1348 2203 1584 2246 Sententia,
1606 2215 1694 2250 qua
1715 2216 1822 2241 non—

98 2266 132 2292 35
169 2254 293 2300 nulli,
305 2255 473 2304 Figuris
485 2267 586 2304 quae
597 2256 739 2294 Stellis
751 2268 777 2294 a
786 2256 992 2294 vetustate
1005 2255 1162 2294 afficlae
1174 2256 1281 2299 sunt.
1294 2256 1461 2304 aliquid
1473 2258 1598 2294 inesse
1612 2257 1822 2305 Energiae,

168 2307 247 2347 nifi
262 2308 371 2347 forte
383 2311 535 2357 paucis
548 2309 820 2357 quibusdam,
838 2321 860 2348 e
877 2309 955 2348 fitu
968 2309 1005 2347 &
1017 2310 1101 2347 loci
1113 2309 1392 2357 ipsarumque
1405 2310 1639 2348 Stellarum
1651 2317 1821 2352 natura.

168 2363 314 2410 potius
337 2374 474 2410 quam
497 2375 550 2401 ex
574 2365 764 2411 imagine
788 2363 890 2410 ipsa,
917 2375 1017 2411 quae
1041 2363 1171 2411 plane
1195 2363 1458 2411 suppofititia
1482 2364 1549 2405 est.
1576 2364 1617 2402 id
1644 2364 1821 2401 aliunde

168 2418 414 2463 proueniat.
432 2416 666 2465 Nugentur
681 2417 753 2454 hic
765 2417 1063 2465 Astrologastri
1076 2417 1283 2464 quicquid
1299 2417 1444 2460 velint.
1463 2417 1642 2455 Coelum
1660 2429 1749 2455 non
1767 2418 1820 2454 ob

168 2468 212 2507 id
234 2469 477 2518 mendacijs
499 2471 744 2508 obnoxium
768 2470 834 2514 est,
859 2471 977 2518 quod
1001 2470 1136 2508 Terra
1160 2470 1227 2508 his
1251 2472 1355 2508 vitio
1379 2471 1629 2508 Hominum
1654 2471 1819 2508 scateat.

99 2533 133 2560 ⁴0
170 2521 264 2560 Nec
279 2528 429 2562 tamen
445 2523 541 2562 haec
553 2525 854 2571 Antiquorum
870 2523 1079 2572 figmenta
1095 2524 1327 2566 recensere,
1346 2524 1476 2571 plane
1494 2524 1685 2562 ociosum
1703 2524 1818 2563 duxi.

276 2583 327 2610 40·
1663 2584 1818 2624 parum
