<?xml version="1.0" encoding="UTF-8"?>
<!DOCTYPE html PUBLIC "-//W3C//DTD XHTML 1.0 Transitional//EN"
    "http://www.w3.org/TR/xhtml1/DTD/xhtml1-transitional.dtd">
<html xmlns="http://www.w3.org/1999/xhtml" xml:lang="en" lang="en">
 <head>
  <title>
</title>
<meta http-equiv="Content-Type" content="text/html;charset=utf-8" />
  <meta name='ocr-system' content='tesseract 3.04.00' />
  <meta name='ocr-capabilities' content='ocr_page ocr_carea ocr_par ocr_line ocrx_word'/>
</head>
<body>
  <div class='ocr_page' id='page_1' title='image "./operaomniaedidit02brahuoft/operaomniaedidit02brahuoft_0326.png"; bbox 0 0 2243 3225; ppageno 0'>
   <div class='ocr_carea' id='block_1_1' title="bbox 421 190 1696 241">
    <p class='ocr_par' dir='ltr' id='par_1_1' title="bbox 421 190 1696 241">
     <span class='ocr_line' id='line_1_1' title="bbox 421 190 1696 241; baseline -0.01 0"><span class='ocrx_word' id='word_1_1' title='bbox 421 205 487 241; x_wconf 87' lang='lat'>310</span> <span class='ocrx_word' id='word_1_2' title='bbox 801 195 1253 236; x_wconf 86' lang='lat' dir='ltr'>ASTRONOMIAE</span> <span class='ocrx_word' id='word_1_3' title='bbox 1274 190 1696 232; x_wconf 86' lang='lat' dir='ltr'>INSTAURATAE</span> 
     </span>
    </p>
   </div>
   <div class='ocr_carea' id='block_1_2' title="bbox 420 297 2154 2535">
    <p class='ocr_par' dir='ltr' id='par_1_2' title="bbox 420 297 2154 2535">
     <span class='ocr_line' id='line_1_2' title="bbox 422 297 2067 352; baseline -0.005 -6"><span class='ocrx_word' id='word_1_4' title='bbox 422 312 465 346; x_wconf 82' lang='lat' dir='ltr'>in</span> <span class='ocrx_word' id='word_1_5' title='bbox 482 308 691 345; x_wconf 80' lang='lat' dir='ltr'>Martiam</span> <span class='ocrx_word' id='word_1_6' title='bbox 708 304 932 352; x_wconf 90' lang='lat' dir='ltr'>quandam</span> <span class='ocrx_word' id='word_1_7' title='bbox 948 302 1230 345; x_wconf 89' lang='lat' dir='ltr'>rutilantiam‚</span> <span class='ocrx_word' id='word_1_8' title='bbox 1253 300 1308 338; x_wconf 93' lang='lat' dir='ltr'>ob</span> <span class='ocrx_word' id='word_1_9' title='bbox 1324 300 1477 337; x_wconf 90' lang='lat' dir='ltr'>lumen</span> <span class='ocrx_word' id='word_1_10' title='bbox 1492 298 1602 336; x_wconf 84' lang='lat' dir='ltr'>sorte</span> <span class='ocrx_word' id='word_1_11' title='bbox 1618 299 1709 335; x_wconf 85' lang='lat' dir='ltr'>iam</span> <span class='ocrx_word' id='word_1_12' title='bbox 1724 299 1862 345; x_wconf 89' lang='lat' dir='ltr'>magis</span> <span class='ocrx_word' id='word_1_13' title='bbox 1879 297 2067 337; x_wconf 69' lang='lat' dir='ltr'>coareta-</span> 
     </span>
     <span class='ocr_line' id='line_1_3' title="bbox 421 350 2067 405; baseline -0.007 -7"><span class='ocrx_word' id='word_1_14' title='bbox 421 369 512 399; x_wconf 92' lang='lat' dir='ltr'>tum</span> <span class='ocrx_word' id='word_1_15' title='bbox 530 360 566 397; x_wconf 86' lang='lat'>&amp;</span> <span class='ocrx_word' id='word_1_16' title='bbox 583 359 840 405; x_wconf 90' lang='lat' dir='ltr'>inspissatum</span> <span class='ocrx_word' id='word_1_17' title='bbox 860 356 1146 403; x_wconf 77' lang='lat' dir='ltr'>degenerarit;</span> <span class='ocrx_word' id='word_1_18' title='bbox 1168 353 1293 391; x_wconf 93' lang='lat' dir='ltr'>Tunc</span> <span class='ocrx_word' id='word_1_19' title='bbox 1314 354 1432 390; x_wconf 93' lang='lat' dir='ltr'>enim</span> <span class='ocrx_word' id='word_1_20' title='bbox 1452 351 1582 389; x_wconf 81' lang='lat' dir='ltr'>instar</span> <span class='ocrx_word' id='word_1_21' title='bbox 1598 350 1847 395; x_wconf 85' lang='lat' dir='ltr'>Aldeborae,</span> <span class='ocrx_word' id='word_1_22' title='bbox 1869 356 1944 389; x_wconf 92' lang='lat' dir='ltr'>aut</span> <span class='ocrx_word' id='word_1_23' title='bbox 1960 353 2067 396; x_wconf 90' lang='lat' dir='ltr'>eius,</span> 
     </span>
     <span class='ocr_line' id='line_1_4' title="bbox 422 404 2067 461; baseline -0.007 -10"><span class='ocrx_word' id='word_1_24' title='bbox 422 425 520 461; x_wconf 82' lang='lat' dir='ltr'>quae</span> <span class='ocrx_word' id='word_1_25' title='bbox 537 412 653 450; x_wconf 81' lang='lat' dir='ltr'>estin</span> <span class='ocrx_word' id='word_1_26' title='bbox 669 412 819 448; x_wconf 85' lang='lat' dir='ltr'>dextro</span> <span class='ocrx_word' id='word_1_27' title='bbox 837 409 1040 447; x_wconf 91' lang='lat' dir='ltr'>Humero</span> <span class='ocrx_word' id='word_1_28' title='bbox 1058 407 1237 446; x_wconf 88' lang='lat' dir='ltr'>Orionis</span> <span class='ocrx_word' id='word_1_29' title='bbox 1254 405 1520 448; x_wconf 89' lang='lat' dir='ltr'>rubescebat;</span> <span class='ocrx_word' id='word_1_30' title='bbox 1543 404 1701 451; x_wconf 90' lang='lat' dir='ltr'>Neque</span> <span class='ocrx_word' id='word_1_31' title='bbox 1722 409 1872 442; x_wconf 87' lang='lat' dir='ltr'>tamen</span> <span class='ocrx_word' id='word_1_32' title='bbox 1891 410 1983 442; x_wconf 89' lang='lat' dir='ltr'>tam</span> <span class='ocrx_word' id='word_1_33' title='bbox 1998 416 2067 442; x_wconf 93' lang='lat' dir='ltr'>ru-</span> 
     </span>
     <span class='ocr_line' id='line_1_5' title="bbox 421 456 2068 512; baseline -0.005 -8"><span class='ocrx_word' id='word_1_34' title='bbox 421 467 495 504; x_wconf 89' lang='lat' dir='ltr'>tila</span> <span class='ocrx_word' id='word_1_35' title='bbox 516 466 727 512; x_wconf 86' lang='lat' dir='ltr'>apparuit,</span> <span class='ocrx_word' id='word_1_36' title='bbox 750 469 879 509; x_wconf 92' lang='lat' dir='ltr'>atque</span> <span class='ocrx_word' id='word_1_37' title='bbox 901 473 965 504; x_wconf 90' lang='lat' dir='ltr'>ea,</span> <span class='ocrx_word' id='word_1_38' title='bbox 987 463 1032 498; x_wconf 94' lang='lat' dir='ltr'>in</span> <span class='ocrx_word' id='word_1_39' title='bbox 1053 459 1165 498; x_wconf 75' lang='lat' dir='ltr'>dic&#39;to</span> <span class='ocrx_word' id='word_1_40' title='bbox 1184 459 1362 498; x_wconf 87' lang='lat' dir='ltr'>Orionis</span> <span class='ocrx_word' id='word_1_41' title='bbox 1379 458 1596 501; x_wconf 92' lang='lat' dir='ltr'>Humer0‚</span> <span class='ocrx_word' id='word_1_42' title='bbox 1618 456 1688 495; x_wconf 93' lang='lat' dir='ltr'>sed</span> <span class='ocrx_word' id='word_1_43' title='bbox 1708 459 1889 504; x_wconf 91' lang='lat' dir='ltr'>propius</span> <span class='ocrx_word' id='word_1_44' title='bbox 1906 457 2068 497; x_wconf 91' lang='lat' dir='ltr'>Colore</span> 
     </span>
     <span class='ocr_line' id='line_1_6' title="bbox 421 509 2120 558; baseline -0.004 -1"><span class='ocrx_word' id='word_1_45' title='bbox 421 519 688 557; x_wconf 85' lang='lat' dir='ltr'>Aldeboram</span> <span class='ocrx_word' id='word_1_46' title='bbox 698 516 869 554; x_wconf 90' lang='lat' dir='ltr'>accessit.</span> <span class='ocrx_word' id='word_1_47' title='bbox 881 514 1055 552; x_wconf 90' lang='lat' dir='ltr'>Dehinc</span> <span class='ocrx_word' id='word_1_48' title='bbox 1064 513 1318 551; x_wconf 83' lang='lat' dir='ltr'>iuxtaVeris</span> <span class='ocrx_word' id='word_1_49' title='bbox 1329 514 1507 555; x_wconf 85' lang='lat' dir='ltr'>exitum,</span> <span class='ocrx_word' id='word_1_50' title='bbox 1518 509 1672 548; x_wconf 90' lang='lat' dir='ltr'>Mense</span> <span class='ocrx_word' id='word_1_51' title='bbox 1681 510 1919 558; x_wconf 89' lang='lat' dir='ltr'>praesertim</span> <span class='ocrx_word' id='word_1_52' title='bbox 1928 510 2067 556; x_wconf 90' lang='lat' dir='ltr'>Maio,</span> <span class='ocrx_word' id='word_1_53' title='bbox 2104 525 2120 550; x_wconf 82' lang='lat'><strong>⁵</strong></span> 
     </span>
     <span class='ocr_line' id='line_1_7' title="bbox 421 563 2067 616; baseline -0.004 -6"><span class='ocrx_word' id='word_1_54' title='bbox 421 572 667 610; x_wconf 85' lang='lat' dir='ltr'>albedinem</span> <span class='ocrx_word' id='word_1_55' title='bbox 689 568 913 616; x_wconf 91' lang='lat' dir='ltr'>quandam</span> <span class='ocrx_word' id='word_1_56' title='bbox 933 566 1195 605; x_wconf 90' lang='lat' dir='ltr'>subliuidam</span> <span class='ocrx_word' id='word_1_57' title='bbox 1215 565 1437 609; x_wconf 90' lang='lat' dir='ltr'>induebat,</span> <span class='ocrx_word' id='word_1_58' title='bbox 1459 563 1602 612; x_wconf 91' lang='lat' dir='ltr'>qualis</span> <span class='ocrx_word' id='word_1_59' title='bbox 1618 563 1795 602; x_wconf 88' lang='lat' dir='ltr'>Saturni</span> <span class='ocrx_word' id='word_1_60' title='bbox 1811 563 1957 602; x_wconf 89' lang='lat' dir='ltr'>Stellae</span> <span class='ocrx_word' id='word_1_61' title='bbox 1975 563 2067 603; x_wconf 89' lang='lat' dir='ltr'>sub-</span> 
     </span>
     <span class='ocr_line' id='line_1_8' title="bbox 422 616 2069 669; baseline -0.004 -6"><span class='ocrx_word' id='word_1_62' title='bbox 422 626 496 663; x_wconf 88' lang='lat' dir='ltr'>esse</span> <span class='ocrx_word' id='word_1_63' title='bbox 513 624 693 666; x_wconf 84' lang='lat' dir='ltr'>videtur,</span> <span class='ocrx_word' id='word_1_64' title='bbox 716 633 847 669; x_wconf 92' lang='lat' dir='ltr'>quem</span> <span class='ocrx_word' id='word_1_65' title='bbox 864 621 1057 658; x_wconf 92' lang='lat' dir='ltr'>colorem</span> <span class='ocrx_word' id='word_1_66' title='bbox 1073 618 1349 667; x_wconf 85' lang='lat' dir='ltr'>postmodum</span> <span class='ocrx_word' id='word_1_67' title='bbox 1365 618 1497 665; x_wconf 93' lang='lat' dir='ltr'>vsque</span> <span class='ocrx_word' id='word_1_68' title='bbox 1514 617 1570 655; x_wconf 91' lang='lat' dir='ltr'>ad</span> <span class='ocrx_word' id='word_1_69' title='bbox 1586 616 1912 664; x_wconf 85' lang='lat' dir='ltr'>disparitionem</span> <span class='ocrx_word' id='word_1_70' title='bbox 1932 616 2069 656; x_wconf 91' lang='lat' dir='ltr'>ferme</span> 
     </span>
     <span class='ocr_line' id='line_1_9' title="bbox 420 670 2068 722; baseline -0.005 -6"><span class='ocrx_word' id='word_1_71' title='bbox 420 678 629 719; x_wconf 86' lang='lat' dir='ltr'>seruabat,</span> <span class='ocrx_word' id='word_1_72' title='bbox 653 675 730 713; x_wconf 84' lang='lat' dir='ltr'>nisi</span> <span class='ocrx_word' id='word_1_73' title='bbox 751 675 868 722; x_wconf 91' lang='lat' dir='ltr'>quod</span> <span class='ocrx_word' id='word_1_74' title='bbox 885 685 973 721; x_wconf 93' lang='lat' dir='ltr'>quo</span> <span class='ocrx_word' id='word_1_75' title='bbox 990 673 1067 711; x_wconf 90' lang='lat' dir='ltr'>fini</span> <span class='ocrx_word' id='word_1_76' title='bbox 1083 674 1222 720; x_wconf 91' lang='lat' dir='ltr'>magis</span> <span class='ocrx_word' id='word_1_77' title='bbox 1238 673 1624 719; x_wconf 87' lang='lat' dir='ltr'>appropinquaret,</span> <span class='ocrx_word' id='word_1_78' title='bbox 1649 681 1702 708; x_wconf 92' lang='lat' dir='ltr'>eo</span> <span class='ocrx_word' id='word_1_79' title='bbox 1725 670 1917 708; x_wconf 90' lang='lat' dir='ltr'>eundem</span> <span class='ocrx_word' id='word_1_80' title='bbox 1936 670 2068 709; x_wconf 91' lang='lat' dir='ltr'>turbi-</span> 
     </span>
     <span class='ocr_line' id='line_1_10' title="bbox 421 723 2069 772; baseline -0.005 -3"><span class='ocrx_word' id='word_1_81' title='bbox 421 732 587 769; x_wconf 90' lang='lat' dir='ltr'>diorem</span> <span class='ocrx_word' id='word_1_82' title='bbox 609 729 646 767; x_wconf 87' lang='lat'>&amp;</span> <span class='ocrx_word' id='word_1_83' title='bbox 666 728 936 766; x_wconf 91' lang='lat' dir='ltr'>hebetiorem</span> <span class='ocrx_word' id='word_1_84' title='bbox 957 726 1307 772; x_wconf 88' lang='lat' dir='ltr'>obtufioremque</span> <span class='ocrx_word' id='word_1_85' title='bbox 1326 724 1551 763; x_wconf 89' lang='lat' dir='ltr'>successiue</span> <span class='ocrx_word' id='word_1_86' title='bbox 1568 723 1777 762; x_wconf 91' lang='lat' dir='ltr'>redderet.</span> <span class='ocrx_word' id='word_1_87' title='bbox 1799 723 2069 762; x_wconf 89' lang='lat' dir='ltr'>Scintillabat</span> 
     </span>
     <span class='ocr_line' id='line_1_11' title="bbox 422 776 2138 829; baseline -0.003 -7"><span class='ocrx_word' id='word_1_88' title='bbox 422 784 709 822; x_wconf 91' lang='lat' dir='ltr'>nihilominus</span> <span class='ocrx_word' id='word_1_89' title='bbox 725 786 947 829; x_wconf 86' lang='lat' dir='ltr'>perpetuo,</span> <span class='ocrx_word' id='word_1_90' title='bbox 965 782 1097 817; x_wconf 89' lang='lat' dir='ltr'>etiam</span> <span class='ocrx_word' id='word_1_91' title='bbox 1113 781 1235 816; x_wconf 84' lang='lat' dir='ltr'>iuxta</span> <span class='ocrx_word' id='word_1_92' title='bbox 1247 778 1451 816; x_wconf 92' lang='lat' dir='ltr'>vltimum</span> <span class='ocrx_word' id='word_1_93' title='bbox 1467 776 1785 815; x_wconf 85' lang='lat' dir='ltr'>euanescentiae</span> <span class='ocrx_word' id='word_1_94' title='bbox 1796 776 2068 822; x_wconf 81' lang='lat' dir='ltr'>Terminum,</span> <span class='ocrx_word' id='word_1_95' title='bbox 2109 790 2138 816; x_wconf 87' lang='grc' dir='ltr'>ιο</span> 
     </span>
     <span class='ocr_line' id='line_1_12' title="bbox 422 829 2068 885; baseline -0.004 -11"><span class='ocrx_word' id='word_1_96' title='bbox 422 849 499 885; x_wconf 90' lang='lat' dir='ltr'>pro</span> <span class='ocrx_word' id='word_1_97' title='bbox 520 836 701 874; x_wconf 91' lang='lat' dir='ltr'>modulo</span> <span class='ocrx_word' id='word_1_98' title='bbox 721 835 899 872; x_wconf 91' lang='lat' dir='ltr'>luminis</span> <span class='ocrx_word' id='word_1_99' title='bbox 917 833 954 871; x_wconf 88' lang='lat'>&amp;</span> <span class='ocrx_word' id='word_1_100' title='bbox 971 834 1237 880; x_wconf 85' lang='lat' dir='ltr'>quantitatis,</span> <span class='ocrx_word' id='word_1_101' title='bbox 1259 843 1392 879; x_wconf 91' lang='lat' dir='ltr'>quem</span> <span class='ocrx_word' id='word_1_102' title='bbox 1412 837 1507 869; x_wconf 90' lang='lat' dir='ltr'>tum</span> <span class='ocrx_word' id='word_1_103' title='bbox 1522 830 1794 874; x_wconf 90' lang='lat' dir='ltr'>sortiebatur;</span> <span class='ocrx_word' id='word_1_104' title='bbox 1815 832 1876 868; x_wconf 90' lang='lat' dir='ltr'>ita</span> <span class='ocrx_word' id='word_1_105' title='bbox 1890 836 1935 868; x_wconf 87' lang='lat' dir='ltr'>vt</span> <span class='ocrx_word' id='word_1_106' title='bbox 1950 829 2068 869; x_wconf 92' lang='lat' dir='ltr'>Scin-</span> 
     </span>
     <span class='ocr_line' id='line_1_13' title="bbox 421 883 2068 933; baseline -0.004 -5"><span class='ocrx_word' id='word_1_107' title='bbox 421 891 574 929; x_wconf 89' lang='lat' dir='ltr'>tillatio</span> <span class='ocrx_word' id='word_1_108' title='bbox 595 889 702 933; x_wconf 86' lang='lat' dir='ltr'>haec,</span> <span class='ocrx_word' id='word_1_109' title='bbox 724 888 796 925; x_wconf 91' lang='lat' dir='ltr'>seu</span> <span class='ocrx_word' id='word_1_110' title='bbox 816 887 995 925; x_wconf 91' lang='lat' dir='ltr'>luminis</span> <span class='ocrx_word' id='word_1_111' title='bbox 1011 886 1196 924; x_wconf 90' lang='lat' dir='ltr'>vibratio</span> <span class='ocrx_word' id='word_1_112' title='bbox 1215 885 1352 932; x_wconf 84' lang='lat' dir='ltr'>ipsam</span> <span class='ocrx_word' id='word_1_113' title='bbox 1369 884 1690 933; x_wconf 87' lang='lat' dir='ltr'>Magnitudinis</span> <span class='ocrx_word' id='word_1_114' title='bbox 1705 889 1837 931; x_wconf 92' lang='lat' dir='ltr'>atque</span> <span class='ocrx_word' id='word_1_115' title='bbox 1854 883 1983 922; x_wconf 90' lang='lat' dir='ltr'>Lucis</span> <span class='ocrx_word' id='word_1_116' title='bbox 1997 883 2068 922; x_wconf 92' lang='lat' dir='ltr'>de-</span> 
     </span>
     <span class='ocr_line' id='line_1_14' title="bbox 422 936 2070 989; baseline -0.004 -8"><span class='ocrx_word' id='word_1_117' title='bbox 422 943 697 981; x_wconf 89' lang='lat' dir='ltr'>crescentiam</span> <span class='ocrx_word' id='word_1_118' title='bbox 711 939 1093 989; x_wconf 89' lang='lat' dir='ltr'>proportionaliter</span> <span class='ocrx_word' id='word_1_119' title='bbox 1105 940 1483 982; x_wconf 88' lang='lat' dir='ltr'>concomitaretur,</span> <span class='ocrx_word' id='word_1_120' title='bbox 1500 948 1677 985; x_wconf 90' lang='lat' dir='ltr'>vnaque</span> <span class='ocrx_word' id='word_1_121' title='bbox 1688 936 1913 975; x_wconf 88' lang='lat' dir='ltr'>successiue</span> <span class='ocrx_word' id='word_1_122' title='bbox 1924 938 2070 975; x_wconf 89' lang='lat' dir='ltr'>minor</span> 
     </span>
     <span class='ocr_line' id='line_1_15' title="bbox 422 990 2069 1040; baseline -0.004 -6"><span class='ocrx_word' id='word_1_123' title='bbox 422 997 559 1035; x_wconf 88' lang='lat' dir='ltr'>oculis</span> <span class='ocrx_word' id='word_1_124' title='bbox 575 998 823 1037; x_wconf 85' lang='lat' dir='ltr'>incurreret,</span> <span class='ocrx_word' id='word_1_125' title='bbox 841 1004 1073 1040; x_wconf 92' lang='lat' dir='ltr'>nunquam</span> <span class='ocrx_word' id='word_1_126' title='bbox 1086 998 1235 1030; x_wconf 91' lang='lat' dir='ltr'>tamen</span> <span class='ocrx_word' id='word_1_127' title='bbox 1246 991 1420 1039; x_wconf 91' lang='lat' dir='ltr'>prorsus</span> <span class='ocrx_word' id='word_1_128' title='bbox 1431 990 1646 1035; x_wconf 89' lang='lat' dir='ltr'>deficeret,</span> <span class='ocrx_word' id='word_1_129' title='bbox 1664 990 1878 1038; x_wconf 90' lang='lat' dir='ltr'>quamdiu</span> <span class='ocrx_word' id='word_1_130' title='bbox 1889 990 2069 1038; x_wconf 90' lang='lat' dir='ltr'>aliquod</span> 
     </span>
     <span class='ocr_line' id='line_1_16' title="bbox 422 1047 2138 1096; baseline -0.004 -8"><span class='ocrx_word' id='word_1_131' title='bbox 422 1050 565 1088; x_wconf 91' lang='lat' dir='ltr'>Stellae</span> <span class='ocrx_word' id='word_1_132' title='bbox 582 1048 804 1096; x_wconf 84' lang='lat' dir='ltr'>vestigium</span> <span class='ocrx_word' id='word_1_133' title='bbox 820 1047 1050 1094; x_wconf 84' lang='lat' dir='ltr'>supererat.</span> <span class='ocrx_word' id='word_1_134' title='bbox 2109 1056 2138 1082; x_wconf 83' lang='lat'>15</span> 
     </span>
     <span class='ocr_line' id='line_1_17' title="bbox 475 1095 2069 1147; baseline -0.004 -6"><span class='ocrx_word' id='word_1_135' title='bbox 475 1102 831 1142; x_wconf 88' lang='lat' dir='ltr'>Confideratione</span> <span class='ocrx_word' id='word_1_136' title='bbox 849 1102 961 1138; x_wconf 93' lang='lat' dir='ltr'>circa</span> <span class='ocrx_word' id='word_1_137' title='bbox 977 1099 1085 1142; x_wconf 86' lang='lat' dir='ltr'>haec,</span> <span class='ocrx_word' id='word_1_138' title='bbox 1102 1101 1197 1147; x_wconf 92' lang='lat' dir='ltr'>pari</span> <span class='ocrx_word' id='word_1_139' title='bbox 1214 1099 1504 1137; x_wconf 90' lang='lat' dir='ltr'>admiratione</span> <span class='ocrx_word' id='word_1_140' title='bbox 1522 1095 1768 1142; x_wconf 61' lang='lat' dir='ltr'>coniuncta,</span> <span class='ocrx_word' id='word_1_141' title='bbox 1785 1097 1966 1146; x_wconf 89' lang='lat' dir='ltr'>dignum</span> <span class='ocrx_word' id='word_1_142' title='bbox 1982 1099 2069 1135; x_wconf 87' lang='lat' dir='ltr'>exi-</span> 
     </span>
     <span class='ocr_line' id='line_1_18' title="bbox 422 1150 2070 1203; baseline -0.004 -8"><span class='ocrx_word' id='word_1_143' title='bbox 422 1158 554 1199; x_wconf 88' lang='lat' dir='ltr'>stimo,</span> <span class='ocrx_word' id='word_1_144' title='bbox 579 1155 696 1203; x_wconf 93' lang='lat' dir='ltr'>quod</span> <span class='ocrx_word' id='word_1_145' title='bbox 720 1165 870 1192; x_wconf 89' lang='lat' dir='ltr'>recens</span> <span class='ocrx_word' id='word_1_146' title='bbox 892 1153 988 1191; x_wconf 88' lang='lat' dir='ltr'>haec</span> <span class='ocrx_word' id='word_1_147' title='bbox 1011 1152 1144 1191; x_wconf 89' lang='lat' dir='ltr'>Stella</span> <span class='ocrx_word' id='word_1_148' title='bbox 1166 1157 1507 1200; x_wconf 86' lang='lat' dir='ltr'>praememorata</span> <span class='ocrx_word' id='word_1_149' title='bbox 1529 1151 1634 1199; x_wconf 89' lang='lat' dir='ltr'>lege,</span> <span class='ocrx_word' id='word_1_150' title='bbox 1659 1152 1861 1189; x_wconf 92' lang='lat' dir='ltr'>omnium</span> <span class='ocrx_word' id='word_1_151' title='bbox 1881 1150 2070 1189; x_wconf 82' lang='lat' dir='ltr'>aliarum</span> 
     </span>
     <span class='ocr_line' id='line_1_19' title="bbox 422 1203 2070 1253; baseline -0.004 -4"><span class='ocrx_word' id='word_1_152' title='bbox 422 1210 666 1252; x_wconf 89' lang='lat' dir='ltr'>Stellarum,</span> <span class='ocrx_word' id='word_1_153' title='bbox 687 1214 777 1246; x_wconf 91' lang='lat' dir='ltr'>tam</span> <span class='ocrx_word' id='word_1_154' title='bbox 794 1208 1087 1245; x_wconf 89' lang='lat' dir='ltr'>Inerrantium</span> <span class='ocrx_word' id='word_1_155' title='bbox 1104 1217 1239 1253; x_wconf 87' lang='lat' dir='ltr'>quarn</span> <span class='ocrx_word' id='word_1_156' title='bbox 1256 1205 1551 1243; x_wconf 89' lang='lat' dir='ltr'>Erraticarum</span> <span class='ocrx_word' id='word_1_157' title='bbox 1571 1205 1778 1252; x_wconf 84' lang='lat' dir='ltr'>(exceptis</span> <span class='ocrx_word' id='word_1_158' title='bbox 1793 1203 2070 1242; x_wconf 91' lang='lat' dir='ltr'>solummodo</span> 
     </span>
     <span class='ocr_line' id='line_1_20' title="bbox 422 1257 2069 1308; baseline -0.003 -7"><span class='ocrx_word' id='word_1_159' title='bbox 422 1263 743 1305; x_wconf 84' lang='lat' dir='ltr'>Luminaribus,</span> <span class='ocrx_word' id='word_1_160' title='bbox 756 1272 856 1308; x_wconf 88' lang='lat' dir='ltr'>quae</span> <span class='ocrx_word' id='word_1_161' title='bbox 869 1262 999 1298; x_wconf 91' lang='lat' dir='ltr'>etiam</span> <span class='ocrx_word' id='word_1_162' title='bbox 1012 1259 1157 1298; x_wconf 87' lang='lat' dir='ltr'>Stellae</span> <span class='ocrx_word' id='word_1_163' title='bbox 1169 1261 1343 1307; x_wconf 90' lang='lat' dir='ltr'>proprie</span> <span class='ocrx_word' id='word_1_164' title='bbox 1355 1270 1446 1296; x_wconf 95' lang='lat' dir='ltr'>non</span> <span class='ocrx_word' id='word_1_165' title='bbox 1458 1257 1689 1304; x_wconf 90' lang='lat' dir='ltr'>vocantur)</span> <span class='ocrx_word' id='word_1_166' title='bbox 1702 1257 2069 1306; x_wconf 88' lang='lat' dir='ltr'>Magnitudinem,</span> 
     </span>
     <span class='ocr_line' id='line_1_21' title="bbox 423 1311 2137 1362; baseline -0.003 -8"><span class='ocrx_word' id='word_1_167' title='bbox 423 1318 591 1355; x_wconf 90' lang='lat' dir='ltr'>Lumen</span> <span class='ocrx_word' id='word_1_168' title='bbox 608 1321 738 1362; x_wconf 90' lang='lat' dir='ltr'>atque</span> <span class='ocrx_word' id='word_1_169' title='bbox 752 1314 960 1353; x_wconf 91' lang='lat' dir='ltr'>Colorem</span> <span class='ocrx_word' id='word_1_170' title='bbox 977 1313 1127 1360; x_wconf 90' lang='lat' dir='ltr'>aliquo</span> <span class='ocrx_word' id='word_1_171' title='bbox 1144 1312 1294 1351; x_wconf 92' lang='lat' dir='ltr'>saltem</span> <span class='ocrx_word' id='word_1_172' title='bbox 1310 1312 1398 1350; x_wconf 86' lang='lat' dir='ltr'>suae</span> <span class='ocrx_word' id='word_1_173' title='bbox 1415 1312 1659 1350; x_wconf 89' lang='lat' dir='ltr'>durationis</span> <span class='ocrx_word' id='word_1_174' title='bbox 1670 1311 1889 1359; x_wconf 89' lang='lat' dir='ltr'>Tempore</span> <span class='ocrx_word' id='word_1_175' title='bbox 1900 1312 2069 1350; x_wconf 88' lang='lat' dir='ltr'>imitata</span> <span class='ocrx_word' id='word_1_176' title='bbox 2105 1323 2137 1348; x_wconf 85' lang='lat'>2⁰</span> 
     </span>
     <span class='ocr_line' id='line_1_22' title="bbox 422 1364 2070 1415; baseline -0.004 -7"><span class='ocrx_word' id='word_1_177' title='bbox 422 1370 478 1413; x_wconf 85' lang='lat' dir='ltr'>fit.</span> <span class='ocrx_word' id='word_1_178' title='bbox 487 1370 598 1408; x_wconf 91' lang='lat' dir='ltr'>adeo</span> <span class='ocrx_word' id='word_1_179' title='bbox 605 1375 648 1406; x_wconf 92' lang='lat' dir='ltr'>vt</span> <span class='ocrx_word' id='word_1_180' title='bbox 657 1379 888 1415; x_wconf 89' lang='lat' dir='ltr'>nunquam</span> <span class='ocrx_word' id='word_1_181' title='bbox 896 1366 1158 1405; x_wconf 90' lang='lat' dir='ltr'>eiuscemodi</span> <span class='ocrx_word' id='word_1_182' title='bbox 1167 1367 1431 1414; x_wconf 90' lang='lat' dir='ltr'>apparuerit,</span> <span class='ocrx_word' id='word_1_183' title='bbox 1440 1367 1548 1413; x_wconf 91' lang='lat' dir='ltr'>quin</span> <span class='ocrx_word' id='word_1_184' title='bbox 1555 1364 1791 1412; x_wconf 89' lang='lat' dir='ltr'>aliqua,vel</span> <span class='ocrx_word' id='word_1_185' title='bbox 1800 1366 1912 1402; x_wconf 92' lang='lat' dir='ltr'>inter</span> <span class='ocrx_word' id='word_1_186' title='bbox 1918 1364 2070 1403; x_wconf 89' lang='lat' dir='ltr'>Plane·</span> 
     </span>
     <span class='ocr_line' id='line_1_23' title="bbox 422 1415 2154 1468; baseline -0.003 -6"><span class='ocrx_word' id='word_1_187' title='bbox 422 1430 497 1467; x_wconf 90' lang='lat' dir='ltr'>tas,</span> <span class='ocrx_word' id='word_1_188' title='bbox 519 1429 593 1461; x_wconf 92' lang='lat' dir='ltr'>aut</span> <span class='ocrx_word' id='word_1_189' title='bbox 610 1423 750 1465; x_wconf 85' lang='lat' dir='ltr'>Fixas,</span> <span class='ocrx_word' id='word_1_190' title='bbox 772 1421 833 1458; x_wconf 93' lang='lat' dir='ltr'>illi</span> <span class='ocrx_word' id='word_1_191' title='bbox 854 1420 1056 1458; x_wconf 85' lang='lat' dir='ltr'>firnilima</span> <span class='ocrx_word' id='word_1_192' title='bbox 1076 1420 1268 1462; x_wconf 83' lang='lat' dir='ltr'>daretur:</span> <span class='ocrx_word' id='word_1_193' title='bbox 1290 1419 1368 1457; x_wconf 91' lang='lat' dir='ltr'>nifi</span> <span class='ocrx_word' id='word_1_194' title='bbox 1389 1419 1508 1466; x_wconf 94' lang='lat' dir='ltr'>quod</span> <span class='ocrx_word' id='word_1_195' title='bbox 1528 1415 1838 1468; x_wconf 73' lang='lat' dir='ltr'>scintis-ulando</span> <span class='ocrx_word' id='word_1_196' title='bbox 1855 1417 2070 1456; x_wconf 91' lang='lat' dir='ltr'>Erraticas</span> <span class='ocrx_word' id='word_1_197' title='bbox 2093 1423 2154 1456; x_wconf 85' lang='lat'>303</span> 
     </span>
     <span class='ocr_line' id='line_1_24' title="bbox 422 1471 2069 1520; baseline -0.003 -6"><span class='ocrx_word' id='word_1_198' title='bbox 422 1488 511 1514; x_wconf 90' lang='lat' dir='ltr'>non</span> <span class='ocrx_word' id='word_1_199' title='bbox 528 1476 750 1517; x_wconf 85' lang='lat' dir='ltr'>referebat,</span> <span class='ocrx_word' id='word_1_200' title='bbox 768 1486 868 1512; x_wconf 93' lang='lat' dir='ltr'>cum</span> <span class='ocrx_word' id='word_1_201' title='bbox 885 1474 1000 1511; x_wconf 86' lang='lat' dir='ltr'>Fixis</span> <span class='ocrx_word' id='word_1_202' title='bbox 1016 1479 1165 1511; x_wconf 91' lang='lat' dir='ltr'>tamen</span> <span class='ocrx_word' id='word_1_203' title='bbox 1182 1472 1404 1511; x_wconf 89' lang='lat' dir='ltr'>Sideribus</span> <span class='ocrx_word' id='word_1_204' title='bbox 1420 1472 1463 1510; x_wconf 95' lang='lat' dir='ltr'>id</span> <span class='ocrx_word' id='word_1_205' title='bbox 1480 1471 1620 1520; x_wconf 92' lang='lat' dir='ltr'>ipsum</span> <span class='ocrx_word' id='word_1_206' title='bbox 1636 1483 1872 1510; x_wconf 91' lang='lat' dir='ltr'>commune</span> <span class='ocrx_word' id='word_1_207' title='bbox 1889 1471 2069 1510; x_wconf 89' lang='lat' dir='ltr'>habens.</span> 
     </span>
     <span class='ocr_line' id='line_1_25' title="bbox 476 1524 2070 1574; baseline -0.003 -7"><span class='ocrx_word' id='word_1_208' title='bbox 476 1530 586 1567; x_wconf 88' lang='lat' dir='ltr'>Haec</span> <span class='ocrx_word' id='word_1_209' title='bbox 596 1529 674 1567; x_wconf 87' lang='lat' dir='ltr'>fuit</span> <span class='ocrx_word' id='word_1_210' title='bbox 684 1528 872 1566; x_wconf 83' lang='lat' dir='ltr'>inusitati</span> <span class='ocrx_word' id='word_1_211' title='bbox 880 1527 990 1565; x_wconf 80' lang='lat' dir='ltr'>Astri</span> <span class='ocrx_word' id='word_1_212' title='bbox 998 1526 1144 1564; x_wconf 88' lang='lat' dir='ltr'>Phafis</span> <span class='ocrx_word' id='word_1_213' title='bbox 1154 1532 1285 1574; x_wconf 90' lang='lat' dir='ltr'>atque</span> <span class='ocrx_word' id='word_1_214' title='bbox 1297 1528 1484 1564; x_wconf 85' lang='lat' dir='ltr'>exterior</span> <span class='ocrx_word' id='word_1_215' title='bbox 1493 1525 1719 1569; x_wconf 90' lang='lat' dir='ltr'>habitudo,</span> <span class='ocrx_word' id='word_1_216' title='bbox 1729 1525 1877 1573; x_wconf 91' lang='lat' dir='ltr'>quoad</span> <span class='ocrx_word' id='word_1_217' title='bbox 1884 1524 1918 1563; x_wconf 93' lang='lat' dir='ltr'>F</span> <span class='ocrx_word' id='word_1_218' title='bbox 1919 1536 2070 1569; x_wconf 86' lang='lat' dir='ltr'>ormae,</span> 
     </span>
     <span class='ocr_line' id='line_1_26' title="bbox 422 1578 2139 1630; baseline -0.003 -9"><span class='ocrx_word' id='word_1_219' title='bbox 422 1583 751 1630; x_wconf 83' lang='lat' dir='ltr'>Magnitudinis,</span> <span class='ocrx_word' id='word_1_220' title='bbox 778 1581 977 1619; x_wconf 88' lang='lat' dir='ltr'>Luminis</span> <span class='ocrx_word' id='word_1_221' title='bbox 1002 1586 1132 1627; x_wconf 91' lang='lat' dir='ltr'>atque</span> <span class='ocrx_word' id='word_1_222' title='bbox 1159 1579 1334 1618; x_wconf 91' lang='lat' dir='ltr'>Coloris</span> <span class='ocrx_word' id='word_1_223' title='bbox 1359 1579 1713 1623; x_wconf 85' lang='lat' dir='ltr'>circumstantias,</span> <span class='ocrx_word' id='word_1_224' title='bbox 1739 1578 2070 1626; x_wconf 89' lang='lat' dir='ltr'>earundemque</span> <span class='ocrx_word' id='word_1_225' title='bbox 2106 1589 2139 1615; x_wconf 82' lang='lat'>25</span> 
     </span>
     <span class='ocr_line' id='line_1_27' title="bbox 421 1631 2071 1682; baseline -0.002 -8"><span class='ocrx_word' id='word_1_226' title='bbox 421 1637 712 1679; x_wconf 88' lang='lat' dir='ltr'>alterationes,</span> <span class='ocrx_word' id='word_1_227' title='bbox 733 1646 809 1682; x_wconf 92' lang='lat' dir='ltr'>per</span> <span class='ocrx_word' id='word_1_228' title='bbox 830 1640 970 1672; x_wconf 91' lang='lat' dir='ltr'>totum</span> <span class='ocrx_word' id='word_1_229' title='bbox 991 1634 1234 1672; x_wconf 88' lang='lat' dir='ltr'>durationis</span> <span class='ocrx_word' id='word_1_230' title='bbox 1252 1632 1459 1680; x_wconf 88' lang='lat' dir='ltr'>Tempus,</span> <span class='ocrx_word' id='word_1_231' title='bbox 1481 1632 1630 1671; x_wconf 88' lang='lat' dir='ltr'>sedulo</span> <span class='ocrx_word' id='word_1_232' title='bbox 1651 1631 1932 1670; x_wconf 83' lang='lat' dir='ltr'>considerata.</span> <span class='ocrx_word' id='word_1_233' title='bbox 1953 1631 2071 1670; x_wconf 90' lang='lat' dir='ltr'>Licet</span> 
     </span>
     <span class='ocr_line' id='line_1_28' title="bbox 423 1684 2071 1734; baseline -0.002 -7"><span class='ocrx_word' id='word_1_234' title='bbox 423 1692 540 1727; x_wconf 88' lang='lat' dir='ltr'>enim</span> <span class='ocrx_word' id='word_1_235' title='bbox 552 1690 678 1726; x_wconf 78' lang='lat' dir='ltr'>Aeris</span> <span class='ocrx_word' id='word_1_236' title='bbox 691 1691 856 1726; x_wconf 90' lang='lat' dir='ltr'>interea</span> <span class='ocrx_word' id='word_1_237' title='bbox 868 1687 1158 1725; x_wconf 89' lang='lat' dir='ltr'>diuerfimoda</span> <span class='ocrx_word' id='word_1_238' title='bbox 1170 1698 1498 1734; x_wconf 91' lang='lat' dir='ltr'>nonnunquam</span> <span class='ocrx_word' id='word_1_239' title='bbox 1509 1685 1736 1734; x_wconf 80' lang='lat' dir='ltr'>dispositio,</span> <span class='ocrx_word' id='word_1_240' title='bbox 1748 1697 1893 1733; x_wconf 93' lang='lat' dir='ltr'>neque</span> <span class='ocrx_word' id='word_1_241' title='bbox 1904 1684 2071 1733; x_wconf 90' lang='lat' dir='ltr'>semper</span> 
     </span>
     <span class='ocr_line' id='line_1_29' title="bbox 423 1738 2070 1788; baseline -0.002 -8"><span class='ocrx_word' id='word_1_242' title='bbox 423 1743 692 1780; x_wconf 85' lang='lat' dir='ltr'>vniformiter</span> <span class='ocrx_word' id='word_1_243' title='bbox 708 1741 930 1783; x_wconf 85' lang='lat' dir='ltr'>desaecata.</span> <span class='ocrx_word' id='word_1_244' title='bbox 948 1741 1114 1788; x_wconf 92' lang='lat' dir='ltr'>aliquid</span> <span class='ocrx_word' id='word_1_245' title='bbox 1130 1740 1350 1778; x_wconf 90' lang='lat' dir='ltr'>interdum</span> <span class='ocrx_word' id='word_1_246' title='bbox 1363 1742 1407 1777; x_wconf 90' lang='lat' dir='ltr'>in</span> <span class='ocrx_word' id='word_1_247' title='bbox 1419 1739 1488 1777; x_wconf 91' lang='lat' dir='ltr'>his</span> <span class='ocrx_word' id='word_1_248' title='bbox 1500 1739 1674 1788; x_wconf 83' lang='lat' dir='ltr'>singulis</span> <span class='ocrx_word' id='word_1_249' title='bbox 1687 1739 1821 1787; x_wconf 92' lang='lat' dir='ltr'>paulo</span> <span class='ocrx_word' id='word_1_250' title='bbox 1833 1738 1958 1777; x_wconf 90' lang='lat' dir='ltr'>aliter</span> <span class='ocrx_word' id='word_1_251' title='bbox 1969 1750 2070 1777; x_wconf 93' lang='lat' dir='ltr'>ocu·</span> 
     </span>
     <span class='ocr_line' id='line_1_30' title="bbox 424 1791 2070 1842; baseline -0.002 -9"><span class='ocrx_word' id='word_1_252' title='bbox 424 1797 474 1833; x_wconf 90' lang='lat' dir='ltr'>lis</span> <span class='ocrx_word' id='word_1_253' title='bbox 495 1797 709 1838; x_wconf 80' lang='lat' dir='ltr'>obiecerit.</span> <span class='ocrx_word' id='word_1_254' title='bbox 733 1795 863 1842; x_wconf 91' lang='lat' dir='ltr'>idque</span> <span class='ocrx_word' id='word_1_255' title='bbox 885 1796 1016 1832; x_wconf 91' lang='lat' dir='ltr'>etiam</span> <span class='ocrx_word' id='word_1_256' title='bbox 1037 1806 1115 1842; x_wconf 89' lang='lat' dir='ltr'>pro</span> <span class='ocrx_word' id='word_1_257' title='bbox 1136 1796 1344 1832; x_wconf 91' lang='lat' dir='ltr'>varietate</span> <span class='ocrx_word' id='word_1_258' title='bbox 1366 1795 1583 1831; x_wconf 91' lang='lat' dir='ltr'>acuminis</span> <span class='ocrx_word' id='word_1_259' title='bbox 1604 1792 1718 1830; x_wconf 83' lang='lat' dir='ltr'>visus</span> <span class='ocrx_word' id='word_1_260' title='bbox 1737 1791 2070 1840; x_wconf 90' lang='lat' dir='ltr'>inspicientium,</span> 
     </span>
     <span class='ocr_line' id='line_1_31' title="bbox 423 1845 2140 1896; baseline -0.002 -9"><span class='ocrx_word' id='word_1_261' title='bbox 423 1856 569 1887; x_wconf 90' lang='lat' dir='ltr'>tamen</span> <span class='ocrx_word' id='word_1_262' title='bbox 586 1850 627 1887; x_wconf 91' lang='lat' dir='ltr'>id</span> <span class='ocrx_word' id='word_1_263' title='bbox 644 1851 788 1896; x_wconf 91' lang='lat' dir='ltr'>potius</span> <span class='ocrx_word' id='word_1_264' title='bbox 804 1848 1147 1886; x_wconf 89' lang='lat' dir='ltr'>accidentarium</span> <span class='ocrx_word' id='word_1_265' title='bbox 1163 1853 1266 1889; x_wconf 85' lang='lat' dir='ltr'>erat,</span> <span class='ocrx_word' id='word_1_266' title='bbox 1286 1858 1430 1894; x_wconf 91' lang='lat' dir='ltr'>neque</span> <span class='ocrx_word' id='word_1_267' title='bbox 1447 1847 1523 1885; x_wconf 94' lang='lat' dir='ltr'>diu</span> <span class='ocrx_word' id='word_1_268' title='bbox 1539 1847 1728 1885; x_wconf 91' lang='lat' dir='ltr'>durauit.</span> <span class='ocrx_word' id='word_1_269' title='bbox 1745 1845 1871 1884; x_wconf 92' lang='lat' dir='ltr'>Vnde</span> <span class='ocrx_word' id='word_1_270' title='bbox 1888 1856 1953 1889; x_wconf 90' lang='lat' dir='ltr'>ea,</span> <span class='ocrx_word' id='word_1_271' title='bbox 1969 1856 2070 1893; x_wconf 88' lang='lat' dir='ltr'>quae</span> <span class='ocrx_word' id='word_1_272' title='bbox 2107 1856 2140 1883; x_wconf 82' lang='lat'>³⁰</span> 
     </span>
     <span class='ocr_line' id='line_1_32' title="bbox 424 1898 2071 1948; baseline -0.002 -8"><span class='ocrx_word' id='word_1_273' title='bbox 424 1904 882 1945; x_wconf 88' lang='lat' dir='ltr'>commemorauimus,</span> <span class='ocrx_word' id='word_1_274' title='bbox 900 1913 990 1938; x_wconf 89' lang='lat' dir='ltr'>non</span> <span class='ocrx_word' id='word_1_275' title='bbox 1003 1913 1056 1938; x_wconf 85' lang='lat' dir='ltr'>ex</span> <span class='ocrx_word' id='word_1_276' title='bbox 1067 1906 1381 1938; x_wconf 91' lang='lat' dir='ltr'>momentanea</span> <span class='ocrx_word' id='word_1_277' title='bbox 1392 1900 1543 1948; x_wconf 91' lang='lat' dir='ltr'>aliqua</span> <span class='ocrx_word' id='word_1_278' title='bbox 1555 1902 1727 1947; x_wconf 91' lang='lat' dir='ltr'>citoque</span> <span class='ocrx_word' id='word_1_279' title='bbox 1739 1898 1988 1938; x_wconf 85' lang='lat' dir='ltr'>transeunte</span> <span class='ocrx_word' id='word_1_280' title='bbox 1999 1898 2071 1936; x_wconf 91' lang='lat' dir='ltr'>Vi-</span> 
     </span>
     <span class='ocr_line' id='line_1_33' title="bbox 424 1953 2070 2003; baseline -0.002 -10"><span class='ocrx_word' id='word_1_281' title='bbox 424 1956 440 1993; x_wconf 86' lang='lat' dir='ltr'>s</span> <span class='ocrx_word' id='word_1_282' title='bbox 441 1968 502 1997; x_wconf 83' lang='lat' dir='ltr'>us.</span> <span class='ocrx_word' id='word_1_283' title='bbox 521 1956 575 1993; x_wconf 94' lang='lat' dir='ltr'>ob</span> <span class='ocrx_word' id='word_1_284' title='bbox 587 1956 716 2003; x_wconf 91' lang='lat' dir='ltr'>medij</span> <span class='ocrx_word' id='word_1_285' title='bbox 732 1955 916 1993; x_wconf 89' lang='lat' dir='ltr'>alicuius</span> <span class='ocrx_word' id='word_1_286' title='bbox 929 1955 1304 2001; x_wconf 82' lang='lat' dir='ltr'>impedimentum,</span> <span class='ocrx_word' id='word_1_287' title='bbox 1322 1953 1598 1992; x_wconf 87' lang='lat' dir='ltr'>aberratione</span> <span class='ocrx_word' id='word_1_288' title='bbox 1611 1953 1865 1991; x_wconf 73' lang='lat' dir='ltr'>aestimanda</span> <span class='ocrx_word' id='word_1_289' title='bbox 1876 1953 2070 1996; x_wconf 78' lang='lat' dir='ltr'>veniunt,</span> 
     </span>
     <span class='ocr_line' id='line_1_34' title="bbox 424 2005 2071 2055; baseline -0.001 -9"><span class='ocrx_word' id='word_1_290' title='bbox 424 2009 491 2046; x_wconf 87' lang='lat' dir='ltr'>sed</span> <span class='ocrx_word' id='word_1_291' title='bbox 506 2021 604 2046; x_wconf 91' lang='lat' dir='ltr'>cum</span> <span class='ocrx_word' id='word_1_292' title='bbox 617 2010 730 2046; x_wconf 78' lang='lat' dir='ltr'>Aere</span> <span class='ocrx_word' id='word_1_293' title='bbox 743 2008 958 2046; x_wconf 92' lang='lat' dir='ltr'>sereniore</span> <span class='ocrx_word' id='word_1_294' title='bbox 971 2007 1185 2050; x_wconf 85' lang='lat' dir='ltr'>existente,</span> <span class='ocrx_word' id='word_1_295' title='bbox 1203 2007 1278 2045; x_wconf 92' lang='lat' dir='ltr'>diu</span> <span class='ocrx_word' id='word_1_296' title='bbox 1294 2007 1495 2055; x_wconf 87' lang='lat' dir='ltr'>saepeque</span> <span class='ocrx_word' id='word_1_297' title='bbox 1513 2009 1706 2055; x_wconf 82' lang='lat' dir='ltr'>repetita,</span> <span class='ocrx_word' id='word_1_298' title='bbox 1724 2005 1761 2044; x_wconf 83' lang='lat'>&amp;</span> <span class='ocrx_word' id='word_1_299' title='bbox 1777 2008 1970 2044; x_wconf 92' lang='lat' dir='ltr'>inuicem</span> <span class='ocrx_word' id='word_1_300' title='bbox 1986 2005 2071 2044; x_wconf 89' lang='lat' dir='ltr'>eol-</span> 
     </span>
     <span class='ocr_line' id='line_1_35' title="bbox 425 2058 2071 2108; baseline -0.001 -9"><span class='ocrx_word' id='word_1_301' title='bbox 425 2063 510 2099; x_wconf 92' lang='lat' dir='ltr'>lata</span> <span class='ocrx_word' id='word_1_302' title='bbox 536 2061 876 2099; x_wconf 84' lang='lat' dir='ltr'>consideratione</span> <span class='ocrx_word' id='word_1_303' title='bbox 902 2062 1042 2099; x_wconf 92' lang='lat' dir='ltr'>taliter</span> <span class='ocrx_word' id='word_1_304' title='bbox 1068 2060 1352 2108; x_wconf 88' lang='lat' dir='ltr'>depraehensa</span> <span class='ocrx_word' id='word_1_305' title='bbox 1378 2060 1467 2103; x_wconf 83' lang='lat' dir='ltr'>fint,</span> <span class='ocrx_word' id='word_1_306' title='bbox 1494 2059 1606 2099; x_wconf 71' lang='lat' dir='ltr'>reete</span> <span class='ocrx_word' id='word_1_307' title='bbox 1631 2060 1671 2098; x_wconf 92' lang='lat' dir='ltr'>se</span> <span class='ocrx_word' id='word_1_308' title='bbox 1696 2059 1872 2104; x_wconf 88' lang='lat' dir='ltr'>habere,</span> <span class='ocrx_word' id='word_1_309' title='bbox 1898 2058 2071 2098; x_wconf 91' lang='lat' dir='ltr'>nullum</span> 
     </span>
     <span class='ocr_line' id='line_1_36' title="bbox 425 2115 2140 2162; baseline -0.001 -10"><span class='ocrx_word' id='word_1_310' title='bbox 425 2115 604 2162; x_wconf 88' lang='lat' dir='ltr'>superest</span> <span class='ocrx_word' id='word_1_311' title='bbox 622 2115 815 2152; x_wconf 91' lang='lat' dir='ltr'>dubium.</span> <span class='ocrx_word' id='word_1_312' title='bbox 2107 2122 2140 2150; x_wconf 78' lang='lat'>³5</span> 
     </span>
     <span class='ocr_line' id='line_1_37' title="bbox 479 2165 2071 2215; baseline -0.001 -10"><span class='ocrx_word' id='word_1_313' title='bbox 479 2168 708 2205; x_wconf 85' lang='lat' dir='ltr'>Constitisse</span> <span class='ocrx_word' id='word_1_314' title='bbox 720 2174 867 2206; x_wconf 89' lang='lat' dir='ltr'>autem</span> <span class='ocrx_word' id='word_1_315' title='bbox 880 2168 994 2206; x_wconf 91' lang='lat' dir='ltr'>hanc</span> <span class='ocrx_word' id='word_1_316' title='bbox 1007 2168 1285 2215; x_wconf 89' lang='lat' dir='ltr'>Peregrinam</span> <span class='ocrx_word' id='word_1_317' title='bbox 1297 2167 1476 2206; x_wconf 89' lang='lat' dir='ltr'>Stellam</span> <span class='ocrx_word' id='word_1_318' title='bbox 1488 2173 1578 2205; x_wconf 88' lang='lat' dir='ltr'>toto</span> <span class='ocrx_word' id='word_1_319' title='bbox 1590 2167 1678 2205; x_wconf 87' lang='lat' dir='ltr'>suae</span> <span class='ocrx_word' id='word_1_320' title='bbox 1690 2167 1934 2205; x_wconf 91' lang='lat' dir='ltr'>durationis</span> <span class='ocrx_word' id='word_1_321' title='bbox 1945 2165 2071 2204; x_wconf 92' lang='lat' dir='ltr'>Tem-</span> 
     </span>
     <span class='ocr_line' id='line_1_38' title="bbox 426 2220 2072 2268; baseline 0 -10"><span class='ocrx_word' id='word_1_322' title='bbox 426 2233 541 2267; x_wconf 87' lang='lat' dir='ltr'>pore.</span> <span class='ocrx_word' id='word_1_323' title='bbox 566 2224 609 2258; x_wconf 92' lang='lat' dir='ltr'>in</span> <span class='ocrx_word' id='word_1_324' title='bbox 635 2222 788 2259; x_wconf 90' lang='lat' dir='ltr'>eodem</span> <span class='ocrx_word' id='word_1_325' title='bbox 812 2221 984 2268; x_wconf 90' lang='lat' dir='ltr'>prorsus</span> <span class='ocrx_word' id='word_1_326' title='bbox 1008 2221 1124 2259; x_wconf 86' lang='lat' dir='ltr'>Coeli</span> <span class='ocrx_word' id='word_1_327' title='bbox 1148 2221 1257 2264; x_wconf 82' lang='lat' dir='ltr'>loco,</span> <span class='ocrx_word' id='word_1_328' title='bbox 1284 2221 1413 2259; x_wconf 85' lang='lat' dir='ltr'>instar</span> <span class='ocrx_word' id='word_1_329' title='bbox 1435 2220 1687 2259; x_wconf 84' lang='lat' dir='ltr'>Affixarum</span> <span class='ocrx_word' id='word_1_330' title='bbox 1710 2220 1957 2263; x_wconf 86' lang='lat' dir='ltr'>Stellarum,</span> <span class='ocrx_word' id='word_1_331' title='bbox 1982 2221 2072 2258; x_wconf 88' lang='lat' dir='ltr'>iam</span> 
     </span>
     <span class='ocr_line' id='line_1_39' title="bbox 426 2273 2071 2322; baseline 0.001 -11"><span class='ocrx_word' id='word_1_332' title='bbox 426 2281 553 2311; x_wconf 88' lang='lat' dir='ltr'>antea</span> <span class='ocrx_word' id='word_1_333' title='bbox 576 2275 679 2315; x_wconf 77' lang='lat' dir='ltr'>dixi:</span> <span class='ocrx_word' id='word_1_334' title='bbox 702 2275 858 2321; x_wconf 86' lang='lat' dir='ltr'>Neque</span> <span class='ocrx_word' id='word_1_335' title='bbox 881 2277 997 2312; x_wconf 90' lang='lat' dir='ltr'>enim</span> <span class='ocrx_word' id='word_1_336' title='bbox 1015 2275 1152 2311; x_wconf 91' lang='lat' dir='ltr'>vllum</span> <span class='ocrx_word' id='word_1_337' title='bbox 1174 2276 1400 2322; x_wconf 88' lang='lat' dir='ltr'>proprium</span> <span class='ocrx_word' id='word_1_338' title='bbox 1421 2281 1591 2312; x_wconf 92' lang='lat' dir='ltr'>motum</span> <span class='ocrx_word' id='word_1_339' title='bbox 1608 2277 1775 2312; x_wconf 88' lang='lat' dir='ltr'>interea</span> <span class='ocrx_word' id='word_1_340' title='bbox 1791 2273 1987 2312; x_wconf 87' lang='lat' dir='ltr'>obtinere</span> <span class='ocrx_word' id='word_1_341' title='bbox 2003 2283 2071 2311; x_wconf 88' lang='lat' dir='ltr'>co-</span> 
     </span>
     <span class='ocr_line' id='line_1_40' title="bbox 426 2327 2072 2374; baseline 0.001 -11"><span class='ocrx_word' id='word_1_342' title='bbox 426 2327 717 2374; x_wconf 84' lang='lat' dir='ltr'>gnoscebatur,</span> <span class='ocrx_word' id='word_1_343' title='bbox 750 2328 816 2365; x_wconf 87' lang='lat' dir='ltr'>sed</span> <span class='ocrx_word' id='word_1_344' title='bbox 847 2328 1122 2365; x_wconf 89' lang='lat' dir='ltr'>solummodo</span> <span class='ocrx_word' id='word_1_345' title='bbox 1149 2328 1431 2365; x_wconf 87' lang='lat' dir='ltr'>Reuolutioni</span> <span class='ocrx_word' id='word_1_346' title='bbox 1458 2327 1692 2366; x_wconf 87' lang='lat' dir='ltr'>vniuersali</span> <span class='ocrx_word' id='word_1_347' title='bbox 1722 2328 1907 2369; x_wconf 87' lang='lat' dir='ltr'>diumae,</span> <span class='ocrx_word' id='word_1_348' title='bbox 1937 2337 2072 2374; x_wconf 87' lang='lat' dir='ltr'>quam</span> 
     </span>
     <span class='ocr_line' id='line_1_41' title="bbox 426 2380 2140 2429; baseline 0.001 -12"><span class='ocrx_word' id='word_1_349' title='bbox 426 2382 555 2417; x_wconf 89' lang='lat' dir='ltr'>etiam</span> <span class='ocrx_word' id='word_1_350' title='bbox 574 2380 861 2427; x_wconf 65' lang='lat' dir='ltr'>perfeclissime</span> <span class='ocrx_word' id='word_1_351' title='bbox 879 2388 917 2418; x_wconf 89' lang='lat' dir='ltr'>et</span> <span class='ocrx_word' id='word_1_352' title='bbox 934 2381 1175 2418; x_wconf 87' lang='lat' dir='ltr'>constanter</span> <span class='ocrx_word' id='word_1_353' title='bbox 1191 2381 1496 2423; x_wconf 72' lang='lat' dir='ltr'>aemulabatur.</span> <span class='ocrx_word' id='word_1_354' title='bbox 1514 2382 1845 2429; x_wconf 86' lang='lat' dir='ltr'>obtemperauit.</span> <span class='ocrx_word' id='word_1_355' title='bbox 2107 2388 2140 2415; x_wconf 78' lang='lat'>⁴⁰</span> 
     </span>
     <span class='ocr_line' id='line_1_42' title="bbox 482 2431 2071 2481; baseline 0 -11"><span class='ocrx_word' id='word_1_356' title='bbox 482 2435 622 2479; x_wconf 79' lang='lat' dir='ltr'>Atque</span> <span class='ocrx_word' id='word_1_357' title='bbox 646 2446 695 2470; x_wconf 85' lang='lat' dir='ltr'>ea</span> <span class='ocrx_word' id='word_1_358' title='bbox 718 2446 850 2480; x_wconf 84' lang='lat' dir='ltr'>quam</span> <span class='ocrx_word' id='word_1_359' title='bbox 869 2435 921 2471; x_wconf 86' lang='lat' dir='ltr'>ad</span> <span class='ocrx_word' id='word_1_360' title='bbox 941 2437 1162 2480; x_wconf 85' lang='lat' dir='ltr'>proximas</span> <span class='ocrx_word' id='word_1_361' title='bbox 1180 2434 1417 2481; x_wconf 87' lang='lat' dir='ltr'>Cassiopeae</span> <span class='ocrx_word' id='word_1_362' title='bbox 1435 2435 1590 2473; x_wconf 90' lang='lat' dir='ltr'>Stellas</span> <span class='ocrx_word' id='word_1_363' title='bbox 1606 2434 1882 2473; x_wconf 87' lang='lat' dir='ltr'>conseruauit</span> <span class='ocrx_word' id='word_1_364' title='bbox 1903 2431 2071 2481; x_wconf 86' lang='lat' dir='ltr'>dispofi-</span> 
     </span>
     <span class='ocr_line' id='line_1_43' title="bbox 428 2487 1484 2535; baseline 0.002 -12"><span class='ocrx_word' id='word_1_365' title='bbox 428 2489 498 2526; x_wconf 86' lang='lat' dir='ltr'>tio.</span> <span class='ocrx_word' id='word_1_366' title='bbox 517 2489 559 2523; x_wconf 87' lang='lat' dir='ltr'>in</span> <span class='ocrx_word' id='word_1_367' title='bbox 579 2487 692 2523; x_wconf 86' lang='lat' dir='ltr'>hunc</span> <span class='ocrx_word' id='word_1_368' title='bbox 711 2487 890 2524; x_wconf 87' lang='lat' dir='ltr'>modum</span> <span class='ocrx_word' id='word_1_369' title='bbox 910 2487 947 2524; x_wconf 81' lang='lat' dir='ltr'>se</span> <span class='ocrx_word' id='word_1_370' title='bbox 966 2487 1172 2528; x_wconf 83' lang='lat' dir='ltr'>exhibuit.</span> <span class='ocrx_word' id='word_1_371' title='bbox 1191 2490 1264 2534; x_wconf 89' lang='lat' dir='ltr'>qui</span> <span class='ocrx_word' id='word_1_372' title='bbox 1284 2487 1484 2535; x_wconf 87' lang='lat' dir='ltr'>sequitur.</span> 
     </span>
    </p>
   </div>
   <div class='ocr_carea' id='block_1_3' title="bbox 1955 2539 2071 2579">
    <p class='ocr_par' dir='ltr' id='par_1_3' title="bbox 1955 2539 2071 2579">
     <span class='ocr_line' id='line_1_44' title="bbox 1955 2539 2071 2579; baseline -0.017 0"><span class='ocrx_word' id='word_1_373' title='bbox 1955 2539 2071 2579; x_wconf 87' lang='lat' dir='ltr'>Cum</span> 
     </span>
    </p>
   </div>
  </div>
 </body>
</html>
