<?xml version="1.0" encoding="UTF-8"?>
<!DOCTYPE html PUBLIC "-//W3C//DTD XHTML 1.0 Transitional//EN"
    "http://www.w3.org/TR/xhtml1/DTD/xhtml1-transitional.dtd">
<html xmlns="http://www.w3.org/1999/xhtml" xml:lang="en" lang="en">
 <head>
  <title>
</title>
<meta http-equiv="Content-Type" content="text/html;charset=utf-8" />
  <meta name='ocr-system' content='tesseract 3.04.00' />
  <meta name='ocr-capabilities' content='ocr_page ocr_carea ocr_par ocr_line ocrx_word'/>
</head>
<body>
  <div class='ocr_page' id='page_1' title='image "./operaomniaedidit02brahuoft/operaomniaedidit02brahuoft_0212.png"; bbox 0 0 2243 3225; ppageno 0'>
   <div class='ocr_carea' id='block_1_1' title="bbox 428 190 1700 238">
    <p class='ocr_par' dir='ltr' id='par_1_1' title="bbox 428 190 1700 238">
     <span class='ocr_line' id='line_1_1' title="bbox 428 190 1700 238; baseline -0.009 0"><span class='ocrx_word' id='word_1_1' title='bbox 428 201 495 238; x_wconf 87' lang='lat'>196</span> <span class='ocrx_word' id='word_1_2' title='bbox 803 193 1257 233; x_wconf 88' lang='lat' dir='ltr'><strong>ASTRONOMIAE</strong></span> <span class='ocrx_word' id='word_1_3' title='bbox 1278 190 1700 229; x_wconf 90' lang='lat' dir='ltr'><strong>INSTAURATAE</strong></span> 
     </span>
    </p>
   </div>
   <div class='ocr_carea' id='block_1_2' title="bbox 427 296 2073 506">
    <p class='ocr_par' dir='ltr' id='par_1_2' title="bbox 427 296 2073 506">
     <span class='ocr_line' id='line_1_2' title="bbox 427 296 2072 351; baseline -0.004 -8"><span class='ocrx_word' id='word_1_4' title='bbox 427 307 469 343; x_wconf 91' lang='lat' dir='ltr'>P.</span> <span class='ocrx_word' id='word_1_5' title='bbox 486 305 548 342; x_wconf 86' lang='lat'>26.</span> <span class='ocrx_word' id='word_1_6' title='bbox 568 303 592 351; x_wconf 84' lang='grc' dir='ltr'>Ι.</span> <span class='ocrx_word' id='word_1_7' title='bbox 610 304 645 341; x_wconf 92' lang='grc'>8.</span> <span class='ocrx_word' id='word_1_8' title='bbox 664 301 707 350; x_wconf 86' lang='lat' dir='ltr'>ll.</span> <span class='ocrx_word' id='word_1_9' title='bbox 725 302 787 339; x_wconf 91' lang='lat'>22.</span> <span class='ocrx_word' id='word_1_10' title='bbox 812 301 924 339; x_wconf 85' lang='lat' dir='ltr'>Haec</span> <span class='ocrx_word' id='word_1_11' title='bbox 945 306 989 338; x_wconf 90' lang='lat' dir='ltr'>vt</span> <span class='ocrx_word' id='word_1_12' title='bbox 1009 300 1064 338; x_wconf 90' lang='lat' dir='ltr'>ad</span> <span class='ocrx_word' id='word_1_13' title='bbox 1080 301 1264 337; x_wconf 86' lang='lat' dir='ltr'>Annum</span> <span class='ocrx_word' id='word_1_14' title='bbox 1285 298 1380 336; x_wconf 87' lang='lat'>1585</span> <span class='ocrx_word' id='word_1_15' title='bbox 1401 296 1669 344; x_wconf 90' lang='lat' dir='ltr'>completum</span> <span class='ocrx_word' id='word_1_16' title='bbox 1687 296 1931 341; x_wconf 86' lang='lat' dir='ltr'>reducatur,</span> <span class='ocrx_word' id='word_1_17' title='bbox 1953 297 2072 336; x_wconf 75' lang='lat' dir='ltr'>ause-</span> 
     </span>
     <span class='ocr_line' id='line_1_3' title="bbox 427 348 2072 403; baseline -0.004 -7"><span class='ocrx_word' id='word_1_18' title='bbox 427 363 577 396; x_wconf 87' lang='lat' dir='ltr'>rantur</span> <span class='ocrx_word' id='word_1_19' title='bbox 597 368 676 403; x_wconf 90' lang='lat' dir='ltr'>pro</span> <span class='ocrx_word' id='word_1_20' title='bbox 692 356 835 393; x_wconf 89' lang='lat' dir='ltr'>Annis</span> <span class='ocrx_word' id='word_1_21' title='bbox 851 354 887 391; x_wconf 94' lang='lat'>2.</span> <span class='ocrx_word' id='word_1_22' title='bbox 905 353 1043 391; x_wconf 91' lang='lat' dir='ltr'>Mens.</span> <span class='ocrx_word' id='word_1_23' title='bbox 1061 353 1107 392; x_wconf 58' lang='lat'>3÷</span> <span class='ocrx_word' id='word_1_24' title='bbox 1123 352 1178 391; x_wconf 90' lang='lat' dir='ltr'>ab</span> <span class='ocrx_word' id='word_1_25' title='bbox 1195 363 1259 396; x_wconf 90' lang='lat' dir='ltr'>ea,</span> <span class='ocrx_word' id='word_1_26' title='bbox 1282 349 1308 399; x_wconf 82' lang='lat' dir='ltr'>l.</span> <span class='ocrx_word' id='word_1_27' title='bbox 1324 350 1350 388; x_wconf 93' lang='lat'>1.</span> <span class='ocrx_word' id='word_1_28' title='bbox 1369 348 1413 398; x_wconf 82' lang='lat' dir='ltr'>ll.</span> <span class='ocrx_word' id='word_1_29' title='bbox 1430 350 1493 394; x_wconf 87' lang='lat'>52,</span> <span class='ocrx_word' id='word_1_30' title='bbox 1515 349 1553 387; x_wconf 89' lang='lat'>&amp;</span> <span class='ocrx_word' id='word_1_31' title='bbox 1574 352 1652 388; x_wconf 93' lang='lat' dir='ltr'>erit</span> <span class='ocrx_word' id='word_1_32' title='bbox 1673 348 1785 388; x_wconf 69' lang='lat' dir='ltr'>dicto</span> <span class='ocrx_word' id='word_1_33' title='bbox 1801 350 1936 388; x_wconf 85' lang='lat' dir='ltr'>Anno</span> <span class='ocrx_word' id='word_1_34' title='bbox 1957 363 2072 389; x_wconf 91' lang='lat' dir='ltr'>com-</span> 
     </span>
     <span class='ocr_line' id='line_1_4' title="bbox 427 401 2073 459; baseline -0.003 -11"><span class='ocrx_word' id='word_1_35' title='bbox 427 411 542 459; x_wconf 92' lang='lat' dir='ltr'>pleto</span> <span class='ocrx_word' id='word_1_36' title='bbox 563 408 764 447; x_wconf 79' lang='lat' dir='ltr'>Ascenfio</span> <span class='ocrx_word' id='word_1_37' title='bbox 790 406 918 445; x_wconf 66' lang='lat' dir='ltr'>Redta</span> <span class='ocrx_word' id='word_1_38' title='bbox 943 406 1120 444; x_wconf 86' lang='lat' dir='ltr'>Lucidae</span> <span class='ocrx_word' id='word_1_39' title='bbox 1143 411 1204 449; x_wconf 72' lang='lat' dir='ltr'>V,</span> <span class='ocrx_word' id='word_1_40' title='bbox 1230 405 1272 442; x_wconf 88' lang='lat' dir='ltr'>P.</span> <span class='ocrx_word' id='word_1_41' title='bbox 1289 404 1352 442; x_wconf 92' lang='lat'>26.</span> <span class='ocrx_word' id='word_1_42' title='bbox 1376 402 1401 451; x_wconf 86' lang='lat' dir='ltr'>l.</span> <span class='ocrx_word' id='word_1_43' title='bbox 1418 403 1454 441; x_wconf 91' lang='lat'>6.</span> <span class='ocrx_word' id='word_1_44' title='bbox 1474 401 1517 451; x_wconf 86' lang='lat' dir='ltr'>ll.</span> <span class='ocrx_word' id='word_1_45' title='bbox 1534 403 1596 441; x_wconf 89' lang='lat'>30.</span> <span class='ocrx_word' id='word_1_46' title='bbox 1623 403 1789 441; x_wconf 89' lang='lat' dir='ltr'>Verum</span> <span class='ocrx_word' id='word_1_47' title='bbox 1814 406 1919 451; x_wconf 92' lang='lat' dir='ltr'>quia</span> <span class='ocrx_word' id='word_1_48' title='bbox 1943 410 2073 443; x_wconf 88' lang='lat' dir='ltr'>antea</span> 
     </span>
     <span class='ocr_line' id='line_1_5' title="bbox 427 455 2072 506; baseline -0.004 -5"><span class='ocrx_word' id='word_1_49' title='bbox 427 465 560 501; x_wconf 88' lang='lat' dir='ltr'>Anno</span> <span class='ocrx_word' id='word_1_50' title='bbox 578 462 683 506; x_wconf 88' lang='lat'>1587,</span> <span class='ocrx_word' id='word_1_51' title='bbox 701 472 723 498; x_wconf 90' lang='lat' dir='ltr'>e</span> <span class='ocrx_word' id='word_1_52' title='bbox 741 461 825 498; x_wconf 91' lang='lat' dir='ltr'>Die</span> <span class='ocrx_word' id='word_1_53' title='bbox 842 460 895 503; x_wconf 92' lang='lat'>18,</span> <span class='ocrx_word' id='word_1_54' title='bbox 917 459 972 497; x_wconf 91' lang='lat' dir='ltr'>ad</span> <span class='ocrx_word' id='word_1_55' title='bbox 994 458 1184 497; x_wconf 89' lang='lat' dir='ltr'>eundem</span> <span class='ocrx_word' id='word_1_56' title='bbox 1200 458 1385 495; x_wconf 87' lang='lat' dir='ltr'>Annum</span> <span class='ocrx_word' id='word_1_57' title='bbox 1401 456 1495 495; x_wconf 89' lang='lat'>1585</span> <span class='ocrx_word' id='word_1_58' title='bbox 1515 455 1710 500; x_wconf 68' lang='lat' dir='ltr'>deducta,</span> <span class='ocrx_word' id='word_1_59' title='bbox 1730 456 1810 494; x_wconf 85' lang='lat' dir='ltr'>fuit</span> <span class='ocrx_word' id='word_1_60' title='bbox 1826 457 1869 494; x_wconf 93' lang='lat' dir='ltr'>P.</span> <span class='ocrx_word' id='word_1_61' title='bbox 1886 457 1948 496; x_wconf 90' lang='lat'>25.</span> <span class='ocrx_word' id='word_1_62' title='bbox 1967 455 1992 505; x_wconf 91' lang='grc' dir='ltr'>Ι.</span> <span class='ocrx_word' id='word_1_63' title='bbox 2009 458 2072 497; x_wconf 85' lang='grc'>54.</span> 
     </span>
    </p>
   </div>
   <div class='ocr_carea' id='block_1_3' title="bbox 429 507 2126 564">
    <p class='ocr_par' dir='ltr' id='par_1_3' title="bbox 429 507 2126 564">
     <span class='ocr_line' id='line_1_6' title="bbox 429 507 2126 564; baseline -0.002 -11"><span class='ocrx_word' id='word_1_64' title='bbox 429 515 471 564; x_wconf 78' lang='lat' dir='ltr'>ll.</span> <span class='ocrx_word' id='word_1_65' title='bbox 494 516 556 559; x_wconf 84' lang='lat'>49,</span> <span class='ocrx_word' id='word_1_66' title='bbox 582 514 799 561; x_wconf 81' lang='lat' dir='ltr'>Vtriusque</span> <span class='ocrx_word' id='word_1_67' title='bbox 826 512 1027 550; x_wconf 83' lang='lat' dir='ltr'>existente</span> <span class='ocrx_word' id='word_1_68' title='bbox 1053 511 1298 549; x_wconf 86' lang='lat' dir='ltr'>differentia</span> <span class='ocrx_word' id='word_1_69' title='bbox 1320 508 1345 557; x_wconf 87' lang='lat' dir='ltr'>l.</span> <span class='ocrx_word' id='word_1_70' title='bbox 1367 510 1411 547; x_wconf 95' lang='grc'>11.</span> <span class='ocrx_word' id='word_1_71' title='bbox 1435 507 1478 557; x_wconf 88' lang='lat' dir='ltr'>ll.</span> <span class='ocrx_word' id='word_1_72' title='bbox 1499 509 1554 553; x_wconf 87' lang='lat'>41,</span> <span class='ocrx_word' id='word_1_73' title='bbox 1580 510 1823 557; x_wconf 92' lang='lat' dir='ltr'>eademque</span> <span class='ocrx_word' id='word_1_74' title='bbox 1849 510 2075 550; x_wconf 76' lang='lat' dir='ltr'>dimidiata</span> <span class='ocrx_word' id='word_1_75' title='bbox 2110 524 2126 549; x_wconf 83' lang='lat'><strong>⁵</strong></span> 
     </span>
    </p>
   </div>
   <div class='ocr_carea' id='block_1_4' title="bbox 428 562 2077 827">
    <p class='ocr_par' dir='ltr' id='par_1_4' title="bbox 428 562 2077 827">
     <span class='ocr_line' id='line_1_7' title="bbox 429 562 2074 617; baseline -0.002 -11"><span class='ocrx_word' id='word_1_76' title='bbox 429 568 454 617; x_wconf 79' lang='lat' dir='ltr'>l.</span> <span class='ocrx_word' id='word_1_77' title='bbox 467 570 502 607; x_wconf 89' lang='lat'>5.</span> <span class='ocrx_word' id='word_1_78' title='bbox 517 567 560 616; x_wconf 84' lang='lat' dir='ltr'>ll.</span> <span class='ocrx_word' id='word_1_79' title='bbox 573 568 658 611; x_wconf 52' lang='lat'>50},</span> <span class='ocrx_word' id='word_1_80' title='bbox 676 567 713 604; x_wconf 88' lang='lat'>&amp;</span> <span class='ocrx_word' id='word_1_81' title='bbox 730 566 875 605; x_wconf 87' lang='lat' dir='ltr'>ablata</span> <span class='ocrx_word' id='word_1_82' title='bbox 891 577 917 603; x_wconf 90' lang='grc'><strong>3</strong></span> <span class='ocrx_word' id='word_1_83' title='bbox 932 566 1091 603; x_wconf 91' lang='lat' dir='ltr'>maiori</span> <span class='ocrx_word' id='word_1_84' title='bbox 1107 564 1176 601; x_wconf 91' lang='lat' dir='ltr'>vel</span> <span class='ocrx_word' id='word_1_85' title='bbox 1192 563 1340 602; x_wconf 88' lang='lat' dir='ltr'>addita</span> <span class='ocrx_word' id='word_1_86' title='bbox 1355 564 1517 600; x_wconf 92' lang='lat' dir='ltr'>minori</span> <span class='ocrx_word' id='word_1_87' title='bbox 1532 562 1796 607; x_wconf 86' lang='lat' dir='ltr'>Ascenfioni,</span> <span class='ocrx_word' id='word_1_88' title='bbox 1813 565 1984 611; x_wconf 85' lang='lat' dir='ltr'>reponit</span> <span class='ocrx_word' id='word_1_89' title='bbox 1999 563 2074 602; x_wconf 89' lang='lat' dir='ltr'>As-</span> 
     </span>
     <span class='ocr_line' id='line_1_8' title="bbox 429 614 2074 664; baseline -0.003 -4"><span class='ocrx_word' id='word_1_90' title='bbox 429 621 674 660; x_wconf 86' lang='lat' dir='ltr'>cenfionem</span> <span class='ocrx_word' id='word_1_91' title='bbox 691 618 866 658; x_wconf 72' lang='lat' dir='ltr'>Rec&#39;tam</span> <span class='ocrx_word' id='word_1_92' title='bbox 883 618 1060 656; x_wconf 88' lang='lat' dir='ltr'>Lucidae</span> <span class='ocrx_word' id='word_1_93' title='bbox 1079 623 1125 657; x_wconf 74' lang='lat' dir='ltr'>V</span> <span class='ocrx_word' id='word_1_94' title='bbox 1142 619 1187 655; x_wconf 91' lang='lat' dir='ltr'>in</span> <span class='ocrx_word' id='word_1_95' title='bbox 1208 622 1315 664; x_wconf 91' lang='lat' dir='ltr'>part.</span> <span class='ocrx_word' id='word_1_96' title='bbox 1332 616 1395 654; x_wconf 93' lang='lat'>26.</span> <span class='ocrx_word' id='word_1_97' title='bbox 1414 614 1439 663; x_wconf 87' lang='lat' dir='ltr'>l.</span> <span class='ocrx_word' id='word_1_98' title='bbox 1456 616 1492 654; x_wconf 94' lang='grc'>0.</span> <span class='ocrx_word' id='word_1_99' title='bbox 1511 614 1524 664; x_wconf 87' lang='lat' dir='ltr'>l</span> <span class='ocrx_word' id='word_1_100' title='bbox 1529 614 1554 663; x_wconf 91' lang='grc' dir='ltr'>Ι.</span> <span class='ocrx_word' id='word_1_101' title='bbox 1572 615 1635 659; x_wconf 88' lang='grc'>39,</span> <span class='ocrx_word' id='word_1_102' title='bbox 1657 627 1758 663; x_wconf 88' lang='lat' dir='ltr'>quae</span> <span class='ocrx_word' id='word_1_103' title='bbox 1779 617 2074 664; x_wconf 65' lang='lat' dir='ltr'>quaerebatun</span> 
     </span>
     <span class='ocr_line' id='line_1_9' title="bbox 429 668 2074 721; baseline -0.002 -8"><span class='ocrx_word' id='word_1_104' title='bbox 429 675 632 721; x_wconf 89' lang='lat' dir='ltr'>Cumque</span> <span class='ocrx_word' id='word_1_105' title='bbox 651 672 902 711; x_wconf 83' lang='lat' dir='ltr'>Parallaxes</span> <span class='ocrx_word' id='word_1_106' title='bbox 923 671 961 709; x_wconf 88' lang='lat'>&amp;</span> <span class='ocrx_word' id='word_1_107' title='bbox 982 669 1289 714; x_wconf 64' lang='lat' dir='ltr'>Refradiiones,</span> <span class='ocrx_word' id='word_1_108' title='bbox 1310 681 1361 707; x_wconf 89' lang='lat' dir='ltr'>ac</span> <span class='ocrx_word' id='word_1_109' title='bbox 1381 669 1411 707; x_wconf 89' lang='lat' dir='ltr'>fi</span> <span class='ocrx_word' id='word_1_110' title='bbox 1431 681 1520 717; x_wconf 91' lang='lat' dir='ltr'>qua</span> <span class='ocrx_word' id='word_1_111' title='bbox 1540 668 1629 707; x_wconf 90' lang='lat' dir='ltr'>alia</span> <span class='ocrx_word' id='word_1_112' title='bbox 1649 669 1963 717; x_wconf 88' lang='lat' dir='ltr'>impedimenta</span> <span class='ocrx_word' id='word_1_113' title='bbox 1982 669 2074 709; x_wconf 87' lang='lat' dir='ltr'>sub-</span> 
     </span>
     <span class='ocr_line' id='line_1_10' title="bbox 428 722 2077 775; baseline -0.002 -9"><span class='ocrx_word' id='word_1_114' title='bbox 428 729 503 766; x_wconf 91' lang='lat' dir='ltr'>esse</span> <span class='ocrx_word' id='word_1_115' title='bbox 516 732 727 775; x_wconf 84' lang='lat' dir='ltr'>poterant,</span> <span class='ocrx_word' id='word_1_116' title='bbox 744 731 919 773; x_wconf 87' lang='lat' dir='ltr'>propter</span> <span class='ocrx_word' id='word_1_117' title='bbox 930 723 1181 762; x_wconf 93' lang='lat' dir='ltr'>huiusmodi</span> <span class='ocrx_word' id='word_1_118' title='bbox 1193 728 1395 761; x_wconf 92' lang='lat' dir='ltr'>mutuam</span> <span class='ocrx_word' id='word_1_119' title='bbox 1407 722 1687 761; x_wconf 91' lang='lat' dir='ltr'>collationem</span> <span class='ocrx_word' id='word_1_120' title='bbox 1698 722 1739 761; x_wconf 92' lang='lat' dir='ltr'>se</span> <span class='ocrx_word' id='word_1_121' title='bbox 1751 722 1927 768; x_wconf 87' lang='lat' dir='ltr'>elidant,</span> <span class='ocrx_word' id='word_1_122' title='bbox 1943 723 2077 762; x_wconf 89' lang='lat' dir='ltr'>dubia</span> 
     </span>
     <span class='ocr_line' id='line_1_11' title="bbox 429 782 682 827; baseline -0.008 -8"><span class='ocrx_word' id='word_1_123' title='bbox 429 782 504 819; x_wconf 90' lang='lat' dir='ltr'>esse</span> <span class='ocrx_word' id='word_1_124' title='bbox 521 782 682 827; x_wconf 90' lang='lat' dir='ltr'>nequit.</span> 
     </span>
    </p>
   </div>
   <div class='ocr_carea' id='block_1_5' title="bbox 428 881 2084 2371">
    <p class='ocr_par' dir='ltr' id='par_1_5' title="bbox 514 881 2076 932">
     <span class='ocr_line' id='line_1_12' title="bbox 514 881 2076 932; baseline -0.002 -7"><span class='ocrx_word' id='word_1_125' title='bbox 514 885 768 925; x_wconf 91' lang='lat' dir='ltr'><strong>ECENSUI</strong></span> <span class='ocrx_word' id='word_1_126' title='bbox 792 896 909 923; x_wconf 91' lang='lat' dir='ltr'>nunc</span> <span class='ocrx_word' id='word_1_127' title='bbox 933 883 1180 932; x_wconf 92' lang='lat' dir='ltr'>quindenas</span> <span class='ocrx_word' id='word_1_128' title='bbox 1202 883 1300 921; x_wconf 93' lang='lat' dir='ltr'>illas</span> <span class='ocrx_word' id='word_1_129' title='bbox 1322 881 1643 921; x_wconf 89' lang='lat' dir='ltr'>verificationes</span> <span class='ocrx_word' id='word_1_130' title='bbox 1666 882 1811 921; x_wconf 88' lang='lat' dir='ltr'>Stellae</span> <span class='ocrx_word' id='word_1_131' title='bbox 1835 883 2076 922; x_wconf 90' lang='lat' dir='ltr'>Lucidioris</span> 
     </span>
    </p>

    <p class='ocr_par' dir='ltr' id='par_1_6' title="bbox 428 935 2078 1404">
     <span class='ocr_line' id='line_1_13' title="bbox 531 935 2075 986; baseline -0.002 -8"><span class='ocrx_word' id='word_1_132' title='bbox 531 940 586 978; x_wconf 91' lang='lat' dir='ltr'>ad</span> <span class='ocrx_word' id='word_1_133' title='bbox 603 940 747 986; x_wconf 90' lang='lat' dir='ltr'>Caput</span> <span class='ocrx_word' id='word_1_134' title='bbox 766 945 826 982; x_wconf 74' lang='lat' dir='ltr'>V,</span> <span class='ocrx_word' id='word_1_135' title='bbox 848 938 1068 976; x_wconf 87' lang='lat' dir='ltr'>mediante</span> <span class='ocrx_word' id='word_1_136' title='bbox 1085 937 1268 975; x_wconf 89' lang='lat' dir='ltr'>Veneris</span> <span class='ocrx_word' id='word_1_137' title='bbox 1285 936 1418 975; x_wconf 89' lang='lat' dir='ltr'>Stella</span> <span class='ocrx_word' id='word_1_138' title='bbox 1435 947 1512 983; x_wconf 91' lang='lat' dir='ltr'>per</span> <span class='ocrx_word' id='word_1_139' title='bbox 1528 935 1688 980; x_wconf 91' lang='lat' dir='ltr'>Solem,</span> <span class='ocrx_word' id='word_1_140' title='bbox 1708 938 1905 975; x_wconf 86' lang='lat' dir='ltr'>maxima</span> <span class='ocrx_word' id='word_1_141' title='bbox 1924 935 2075 975; x_wconf 89' lang='lat' dir='ltr'>seduli-</span> 
     </span>
     <span class='ocr_line' id='line_1_14' title="bbox 428 989 2076 1038; baseline -0.002 -6"><span class='ocrx_word' id='word_1_142' title='bbox 428 1000 525 1038; x_wconf 85' lang='lat' dir='ltr'>tate,</span> <span class='ocrx_word' id='word_1_143' title='bbox 551 994 694 1031; x_wconf 89' lang='lat' dir='ltr'>Annis</span> <span class='ocrx_word' id='word_1_144' title='bbox 720 992 887 1038; x_wconf 88' lang='lat' dir='ltr'>aliquot</span> <span class='ocrx_word' id='word_1_145' title='bbox 909 990 1256 1038; x_wconf 88' lang='lat' dir='ltr'>praecedentibus</span> <span class='ocrx_word' id='word_1_146' title='bbox 1279 989 1445 1028; x_wconf 86' lang='lat' dir='ltr'>caelitus</span> <span class='ocrx_word' id='word_1_147' title='bbox 1468 995 1679 1037; x_wconf 88' lang='lat' dir='ltr'>acceptas.</span> <span class='ocrx_word' id='word_1_148' title='bbox 1706 989 1838 1036; x_wconf 88' lang='lat' dir='ltr'>Quod</span> <span class='ocrx_word' id='word_1_149' title='bbox 1860 995 2009 1028; x_wconf 91' lang='lat' dir='ltr'>autem</span> <span class='ocrx_word' id='word_1_150' title='bbox 2031 992 2076 1028; x_wconf 90' lang='lat' dir='ltr'>in</span> 
     </span>
     <span class='ocr_line' id='line_1_15' title="bbox 429 1042 2076 1092; baseline -0.002 -8"><span class='ocrx_word' id='word_1_151' title='bbox 429 1047 512 1084; x_wconf 89' lang='lat' dir='ltr'>illis</span> <span class='ocrx_word' id='word_1_152' title='bbox 530 1045 842 1084; x_wconf 89' lang='lat' dir='ltr'>enumerandis</span> <span class='ocrx_word' id='word_1_153' title='bbox 857 1044 992 1092; x_wconf 90' lang='lat' dir='ltr'>paulo</span> <span class='ocrx_word' id='word_1_154' title='bbox 1008 1044 1219 1092; x_wconf 84' lang='lat' dir='ltr'>prolixior</span> <span class='ocrx_word' id='word_1_155' title='bbox 1234 1042 1405 1087; x_wconf 86' lang='lat' dir='ltr'>fuerim,</span> <span class='ocrx_word' id='word_1_156' title='bbox 1427 1044 1666 1090; x_wconf 90' lang='lat' dir='ltr'>omniaque</span> <span class='ocrx_word' id='word_1_157' title='bbox 1685 1045 1866 1090; x_wconf 91' lang='lat' dir='ltr'>repetita</span> <span class='ocrx_word' id='word_1_158' title='bbox 1881 1043 2076 1081; x_wconf 91' lang='lat' dir='ltr'>Demon-</span> 
     </span>
     <span class='ocr_line' id='line_1_16' title="bbox 429 1095 2076 1141; baseline -0.002 -3"><span class='ocrx_word' id='word_1_159' title='bbox 429 1101 642 1138; x_wconf 89' lang='lat' dir='ltr'>strationis</span> <span class='ocrx_word' id='word_1_160' title='bbox 653 1098 861 1136; x_wconf 92' lang='lat' dir='ltr'>methodo</span> <span class='ocrx_word' id='word_1_161' title='bbox 874 1097 1144 1141; x_wconf 78' lang='lat' dir='ltr'>inculcarim,</span> <span class='ocrx_word' id='word_1_162' title='bbox 1157 1097 1212 1135; x_wconf 94' lang='lat' dir='ltr'>ob</span> <span class='ocrx_word' id='word_1_163' title='bbox 1225 1097 1267 1135; x_wconf 89' lang='lat' dir='ltr'>id</span> <span class='ocrx_word' id='word_1_164' title='bbox 1279 1095 1441 1135; x_wconf 66' lang='lat' dir='ltr'>sactum</span> <span class='ocrx_word' id='word_1_165' title='bbox 1453 1096 1521 1140; x_wconf 80' lang='lat' dir='ltr'>est,</span> <span class='ocrx_word' id='word_1_166' title='bbox 1533 1102 1576 1134; x_wconf 94' lang='lat' dir='ltr'>vt</span> <span class='ocrx_word' id='word_1_167' title='bbox 1588 1096 1810 1140; x_wconf 88' lang='lat' dir='ltr'>constaret,</span> <span class='ocrx_word' id='word_1_168' title='bbox 1824 1108 1916 1135; x_wconf 92' lang='lat' dir='ltr'>non</span> <span class='ocrx_word' id='word_1_169' title='bbox 1927 1096 2076 1141; x_wconf 89' lang='lat' dir='ltr'>obiter,</span> 
     </span>
     <span class='ocr_line' id='line_1_17' title="bbox 429 1149 2076 1198; baseline -0.001 -7"><span class='ocrx_word' id='word_1_170' title='bbox 429 1154 498 1191; x_wconf 92' lang='lat' dir='ltr'>sed</span> <span class='ocrx_word' id='word_1_171' title='bbox 514 1152 775 1190; x_wconf 90' lang='lat' dir='ltr'>subtilissima</span> <span class='ocrx_word' id='word_1_172' title='bbox 791 1151 986 1190; x_wconf 90' lang='lat' dir='ltr'>adhibita</span> <span class='ocrx_word' id='word_1_173' title='bbox 1001 1150 1266 1198; x_wconf 86' lang='lat' dir='ltr'>praecifione,</span> <span class='ocrx_word' id='word_1_174' title='bbox 1285 1150 1381 1188; x_wconf 88' lang='lat' dir='ltr'>haec</span> <span class='ocrx_word' id='word_1_175' title='bbox 1398 1151 1549 1188; x_wconf 90' lang='lat' dir='ltr'>omnia</span> <span class='ocrx_word' id='word_1_176' title='bbox 1565 1161 1618 1187; x_wconf 85' lang='lat' dir='ltr'>ex</span> <span class='ocrx_word' id='word_1_177' title='bbox 1635 1152 1848 1188; x_wconf 91' lang='lat' dir='ltr'>accuratis</span> <span class='ocrx_word' id='word_1_178' title='bbox 1865 1149 2076 1189; x_wconf 89' lang='lat' dir='ltr'>Obserua-</span> 
     </span>
     <span class='ocr_line' id='line_1_18' title="bbox 429 1202 2077 1253; baseline -0.001 -9"><span class='ocrx_word' id='word_1_179' title='bbox 429 1207 631 1249; x_wconf 88' lang='lat' dir='ltr'>tionibus‚</span> <span class='ocrx_word' id='word_1_180' title='bbox 642 1216 718 1253; x_wconf 89' lang='lat' dir='ltr'>per</span> <span class='ocrx_word' id='word_1_181' title='bbox 727 1204 1002 1243; x_wconf 83' lang='lat' dir='ltr'>infallibilem</span> <span class='ocrx_word' id='word_1_182' title='bbox 1008 1203 1351 1252; x_wconf 87' lang='lat' dir='ltr'>Triangulorum</span> <span class='ocrx_word' id='word_1_183' title='bbox 1359 1202 1686 1251; x_wconf 87' lang='lat' dir='ltr'>Sphaericorum</span> <span class='ocrx_word' id='word_1_184' title='bbox 1695 1203 2077 1247; x_wconf 87' lang='lat' dir='ltr'>mensurationem,</span> 
     </span>
     <span class='ocr_line' id='line_1_19' title="bbox 430 1256 2078 1307; baseline -0.002 -10"><span class='ocrx_word' id='word_1_185' title='bbox 430 1267 560 1307; x_wconf 90' lang='lat' dir='ltr'>atque</span> <span class='ocrx_word' id='word_1_186' title='bbox 576 1261 622 1296; x_wconf 91' lang='lat' dir='ltr'>in</span> <span class='ocrx_word' id='word_1_187' title='bbox 638 1270 847 1296; x_wconf 89' lang='lat' dir='ltr'>numeros</span> <span class='ocrx_word' id='word_1_188' title='bbox 864 1257 1174 1295; x_wconf 86' lang='lat' dir='ltr'>resolutionem</span> <span class='ocrx_word' id='word_1_189' title='bbox 1193 1257 1337 1295; x_wconf 92' lang='lat' dir='ltr'>debito</span> <span class='ocrx_word' id='word_1_190' title='bbox 1358 1256 1492 1294; x_wconf 94' lang='lat' dir='ltr'>modo</span> <span class='ocrx_word' id='word_1_191' title='bbox 1513 1257 1715 1294; x_wconf 91' lang='lat' dir='ltr'>ordinata</span> <span class='ocrx_word' id='word_1_192' title='bbox 1736 1257 1825 1301; x_wconf 86' lang='lat' dir='ltr'>esse,</span> <span class='ocrx_word' id='word_1_193' title='bbox 1847 1256 1886 1294; x_wconf 87' lang='lat'>&amp;</span> <span class='ocrx_word' id='word_1_194' title='bbox 1905 1268 1961 1295; x_wconf 90' lang='lat' dir='ltr'>ne</span> <span class='ocrx_word' id='word_1_195' title='bbox 1982 1258 2078 1305; x_wconf 72' lang='lat' dir='ltr'>quis</span> 
     </span>
     <span class='ocr_line' id='line_1_20' title="bbox 429 1309 2078 1360; baseline -0.001 -10"><span class='ocrx_word' id='word_1_196' title='bbox 429 1313 630 1360; x_wconf 90' lang='lat' dir='ltr'>suspicari</span> <span class='ocrx_word' id='word_1_197' title='bbox 653 1312 769 1359; x_wconf 88' lang='lat' dir='ltr'>possit</span> <span class='ocrx_word' id='word_1_198' title='bbox 792 1316 960 1349; x_wconf 91' lang='lat' dir='ltr'>tantam</span> <span class='ocrx_word' id='word_1_199' title='bbox 983 1312 1342 1349; x_wconf 91' lang='lat' dir='ltr'>conuenientiam</span> <span class='ocrx_word' id='word_1_200' title='bbox 1365 1316 1497 1357; x_wconf 92' lang='lat' dir='ltr'>atque</span> <span class='ocrx_word' id='word_1_201' title='bbox 1520 1309 1820 1357; x_wconf 78' lang='lat' dir='ltr'>praecifionem</span> <span class='ocrx_word' id='word_1_202' title='bbox 1842 1321 1922 1358; x_wconf 91' lang='lat' dir='ltr'>pro</span> <span class='ocrx_word' id='word_1_203' title='bbox 1941 1310 2078 1349; x_wconf 92' lang='lat' dir='ltr'>libero</span> 
     </span>
     <span class='ocr_line' id='line_1_21' title="bbox 430 1367 758 1404; baseline -0.006 0"><span class='ocrx_word' id='word_1_204' title='bbox 430 1367 505 1404; x_wconf 89' lang='lat' dir='ltr'>esse</span> <span class='ocrx_word' id='word_1_205' title='bbox 522 1367 758 1404; x_wconf 90' lang='lat' dir='ltr'>assumtam.</span> 
     </span>
    </p>

    <p class='ocr_par' dir='ltr' id='par_1_7' title="bbox 430 1416 2084 2158">
     <span class='ocr_line' id='line_1_22' title="bbox 483 1416 2080 1466; baseline -0.002 -9"><span class='ocrx_word' id='word_1_206' title='bbox 483 1419 615 1466; x_wconf 92' lang='lat' dir='ltr'>Quod</span> <span class='ocrx_word' id='word_1_207' title='bbox 631 1430 736 1456; x_wconf 88' lang='lat' dir='ltr'>vero</span> <span class='ocrx_word' id='word_1_208' title='bbox 754 1416 1080 1456; x_wconf 70' lang='lat' dir='ltr'>Refractionum</span> <span class='ocrx_word' id='word_1_209' title='bbox 1097 1417 1135 1455; x_wconf 86' lang='lat'>&amp;</span> <span class='ocrx_word' id='word_1_210' title='bbox 1151 1417 1450 1456; x_wconf 85' lang='lat' dir='ltr'>Parallaxium</span> <span class='ocrx_word' id='word_1_211' title='bbox 1466 1416 1579 1455; x_wconf 90' lang='lat' dir='ltr'>Solis</span> <span class='ocrx_word' id='word_1_212' title='bbox 1596 1416 1634 1454; x_wconf 90' lang='lat'>&amp;</span> <span class='ocrx_word' id='word_1_213' title='bbox 1650 1416 1834 1455; x_wconf 91' lang='lat' dir='ltr'>Veneris</span> <span class='ocrx_word' id='word_1_214' title='bbox 1853 1419 1900 1455; x_wconf 93' lang='lat' dir='ltr'>in</span> <span class='ocrx_word' id='word_1_215' title='bbox 1919 1416 2080 1455; x_wconf 87' lang='lat' dir='ltr'>vltimis</span> 
     </span>
     <span class='ocr_line' id='line_1_23' title="bbox 430 1469 2080 1519; baseline -0.001 -9"><span class='ocrx_word' id='word_1_216' title='bbox 430 1473 674 1516; x_wconf 88' lang='lat' dir='ltr'>duodecim,</span> <span class='ocrx_word' id='word_1_217' title='bbox 684 1471 1062 1519; x_wconf 88' lang='lat' dir='ltr'>quemadmodum</span> <span class='ocrx_word' id='word_1_218' title='bbox 1071 1473 1116 1508; x_wconf 91' lang='lat' dir='ltr'>in</span> <span class='ocrx_word' id='word_1_219' title='bbox 1125 1471 1261 1509; x_wconf 89' lang='lat' dir='ltr'>tribus</span> <span class='ocrx_word' id='word_1_220' title='bbox 1271 1469 1563 1509; x_wconf 85' lang='lat' dir='ltr'>anterioribus</span> <span class='ocrx_word' id='word_1_221' title='bbox 1572 1469 1858 1518; x_wconf 84' lang='lat' dir='ltr'>praestitimus,</span> <span class='ocrx_word' id='word_1_222' title='bbox 1865 1472 2080 1509; x_wconf 86' lang='lat' dir='ltr'>rationem</span> 
     </span>
     <span class='ocr_line' id='line_1_24' title="bbox 430 1523 2080 1571; baseline -0.001 -8"><span class='ocrx_word' id='word_1_223' title='bbox 430 1526 600 1563; x_wconf 90' lang='lat' dir='ltr'>nullam</span> <span class='ocrx_word' id='word_1_224' title='bbox 614 1525 913 1569; x_wconf 89' lang='lat' dir='ltr'>habuerimus,</span> <span class='ocrx_word' id='word_1_225' title='bbox 930 1525 972 1562; x_wconf 92' lang='lat' dir='ltr'>id</span> <span class='ocrx_word' id='word_1_226' title='bbox 985 1525 1084 1562; x_wconf 90' lang='lat' dir='ltr'>ideo</span> <span class='ocrx_word' id='word_1_227' title='bbox 1096 1523 1258 1563; x_wconf 69' lang='lat' dir='ltr'>factum</span> <span class='ocrx_word' id='word_1_228' title='bbox 1271 1524 1338 1569; x_wconf 84' lang='lat' dir='ltr'>est,</span> <span class='ocrx_word' id='word_1_229' title='bbox 1355 1524 1474 1571; x_wconf 93' lang='lat' dir='ltr'>quod</span> <span class='ocrx_word' id='word_1_230' title='bbox 1486 1525 1597 1561; x_wconf 92' lang='lat' dir='ltr'>inter</span> <span class='ocrx_word' id='word_1_231' title='bbox 1608 1530 1823 1568; x_wconf 85' lang='lat' dir='ltr'>mutuam,</span> <span class='ocrx_word' id='word_1_232' title='bbox 1840 1530 1930 1562; x_wconf 90' lang='lat' dir='ltr'>tam</span> <span class='ocrx_word' id='word_1_233' title='bbox 1941 1524 2080 1562; x_wconf 91' lang='lat' dir='ltr'>anm</span> 
     </span>
     <span class='ocr_line' id='line_1_25' title="bbox 431 1575 2080 1626; baseline -0.001 -10"><span class='ocrx_word' id='word_1_234' title='bbox 431 1591 565 1626; x_wconf 93' lang='lat' dir='ltr'>quam</span> <span class='ocrx_word' id='word_1_235' title='bbox 582 1579 882 1626; x_wconf 91' lang='lat' dir='ltr'>Vespertinam</span> <span class='ocrx_word' id='word_1_236' title='bbox 899 1577 1328 1616; x_wconf 80' lang='lat' dir='ltr'>animaduersionem</span> <span class='ocrx_word' id='word_1_237' title='bbox 1343 1577 1565 1615; x_wconf 90' lang='lat' dir='ltr'>viceuersa</span> <span class='ocrx_word' id='word_1_238' title='bbox 1580 1575 1752 1621; x_wconf 59' lang='lat' dir='ltr'>faelam,</span> <span class='ocrx_word' id='word_1_239' title='bbox 1774 1577 1845 1615; x_wconf 85' lang='lat' dir='ltr'>hae</span> <span class='ocrx_word' id='word_1_240' title='bbox 1865 1577 1949 1615; x_wconf 89' lang='lat' dir='ltr'>sese</span> <span class='ocrx_word' id='word_1_241' title='bbox 1969 1578 2080 1615; x_wconf 81' lang='lat' dir='ltr'>inui-</span> 
     </span>
     <span class='ocr_line' id='line_1_26' title="bbox 431 1629 2080 1679; baseline -0.001 -9"><span class='ocrx_word' id='word_1_242' title='bbox 431 1644 525 1670; x_wconf 90' lang='lat' dir='ltr'>cem</span> <span class='ocrx_word' id='word_1_243' title='bbox 546 1644 622 1679; x_wconf 92' lang='lat' dir='ltr'>per</span> <span class='ocrx_word' id='word_1_244' title='bbox 644 1632 773 1679; x_wconf 88' lang='lat' dir='ltr'>medij</span> <span class='ocrx_word' id='word_1_245' title='bbox 800 1631 1037 1679; x_wconf 86' lang='lat' dir='ltr'>praesertim</span> <span class='ocrx_word' id='word_1_246' title='bbox 1060 1631 1281 1669; x_wconf 89' lang='lat' dir='ltr'>interualli</span> <span class='ocrx_word' id='word_1_247' title='bbox 1305 1631 1607 1669; x_wconf 88' lang='lat' dir='ltr'>assumtionem</span> <span class='ocrx_word' id='word_1_248' title='bbox 1631 1630 1706 1677; x_wconf 85' lang='lat' dir='ltr'>(vti</span> <span class='ocrx_word' id='word_1_249' title='bbox 1729 1629 1892 1669; x_wconf 67' lang='lat' dir='ltr'>fadtum</span> <span class='ocrx_word' id='word_1_250' title='bbox 1915 1630 1987 1677; x_wconf 82' lang='lat' dir='ltr'>est)</span> <span class='ocrx_word' id='word_1_251' title='bbox 2011 1642 2080 1669; x_wconf 87' lang='lat' dir='ltr'>ex-</span> 
     </span>
     <span class='ocr_line' id='line_1_27' title="bbox 433 1683 2082 1732; baseline -0.001 -9"><span class='ocrx_word' id='word_1_252' title='bbox 433 1686 641 1728; x_wconf 90' lang='lat' dir='ltr'>cusarent,</span> <span class='ocrx_word' id='word_1_253' title='bbox 659 1691 789 1732; x_wconf 90' lang='lat' dir='ltr'>atque</span> <span class='ocrx_word' id='word_1_254' title='bbox 807 1685 1028 1722; x_wconf 91' lang='lat' dir='ltr'>eliderent.</span> <span class='ocrx_word' id='word_1_255' title='bbox 1049 1684 1169 1722; x_wconf 94' lang='lat' dir='ltr'>Nam</span> <span class='ocrx_word' id='word_1_256' title='bbox 1185 1684 1259 1722; x_wconf 92' lang='lat' dir='ltr'>Sol</span> <span class='ocrx_word' id='word_1_257' title='bbox 1275 1685 1435 1731; x_wconf 90' lang='lat' dir='ltr'>vbique</span> <span class='ocrx_word' id='word_1_258' title='bbox 1452 1690 1542 1722; x_wconf 89' lang='lat' dir='ltr'>tam</span> <span class='ocrx_word' id='word_1_259' title='bbox 1558 1695 1689 1722; x_wconf 89' lang='lat' dir='ltr'>mane</span> <span class='ocrx_word' id='word_1_260' title='bbox 1706 1695 1841 1731; x_wconf 89' lang='lat' dir='ltr'>quam</span> <span class='ocrx_word' id='word_1_261' title='bbox 1856 1683 2022 1732; x_wconf 90' lang='lat' dir='ltr'>vesperi</span> <span class='ocrx_word' id='word_1_262' title='bbox 2037 1685 2082 1722; x_wconf 89' lang='lat' dir='ltr'>in</span> 
     </span>
     <span class='ocr_line' id='line_1_28' title="bbox 433 1737 2081 1786; baseline -0.001 -10"><span class='ocrx_word' id='word_1_263' title='bbox 433 1741 496 1786; x_wconf 91' lang='lat' dir='ltr'>ijs,</span> <span class='ocrx_word' id='word_1_264' title='bbox 515 1739 673 1785; x_wconf 93' lang='lat' dir='ltr'>quibus</span> <span class='ocrx_word' id='word_1_265' title='bbox 688 1738 862 1776; x_wconf 90' lang='lat' dir='ltr'>collatio</span> <span class='ocrx_word' id='word_1_266' title='bbox 879 1737 1010 1776; x_wconf 90' lang='lat' dir='ltr'>fiebat</span> <span class='ocrx_word' id='word_1_267' title='bbox 1026 1738 1308 1785; x_wconf 89' lang='lat' dir='ltr'>temporibus,</span> <span class='ocrx_word' id='word_1_268' title='bbox 1326 1738 1513 1776; x_wconf 91' lang='lat' dir='ltr'>eandem</span> <span class='ocrx_word' id='word_1_269' title='bbox 1528 1737 1701 1785; x_wconf 90' lang='lat' dir='ltr'>prorsus</span> <span class='ocrx_word' id='word_1_270' title='bbox 1717 1737 1870 1776; x_wconf 89' lang='lat' dir='ltr'>habuit</span> <span class='ocrx_word' id='word_1_271' title='bbox 1881 1737 2081 1776; x_wconf 84' lang='lat' dir='ltr'>Altitudi-</span> 
     </span>
     <span class='ocr_line' id='line_1_29' title="bbox 433 1789 2082 1839; baseline -0.001 -10"><span class='ocrx_word' id='word_1_272' title='bbox 433 1804 552 1835; x_wconf 90' lang='lat' dir='ltr'>nem;</span> <span class='ocrx_word' id='word_1_273' title='bbox 570 1792 757 1839; x_wconf 92' lang='lat' dir='ltr'>ideoque</span> <span class='ocrx_word' id='word_1_274' title='bbox 775 1791 1018 1829; x_wconf 83' lang='lat' dir='ltr'>consimiles</span> <span class='ocrx_word' id='word_1_275' title='bbox 1031 1791 1282 1829; x_wconf 86' lang='lat' dir='ltr'>Parallaxes</span> <span class='ocrx_word' id='word_1_276' title='bbox 1297 1796 1427 1838; x_wconf 90' lang='lat' dir='ltr'>atque</span> <span class='ocrx_word' id='word_1_277' title='bbox 1440 1789 1736 1829; x_wconf 67' lang='lat' dir='ltr'>Refractiones</span> <span class='ocrx_word' id='word_1_278' title='bbox 1747 1792 2082 1839; x_wconf 84' lang='lat' dir='ltr'>quamproxime</span> 
     </span>
     <span class='ocr_line' id='line_1_30' title="bbox 434 1844 2083 1891; baseline -0.001 -8"><span class='ocrx_word' id='word_1_279' title='bbox 434 1845 702 1889; x_wconf 89' lang='lat' dir='ltr'>causabatur,</span> <span class='ocrx_word' id='word_1_280' title='bbox 719 1845 903 1882; x_wconf 91' lang='lat' dir='ltr'>Veneris</span> <span class='ocrx_word' id='word_1_281' title='bbox 920 1847 1051 1882; x_wconf 90' lang='lat' dir='ltr'>etiam</span> <span class='ocrx_word' id='word_1_282' title='bbox 1068 1844 1201 1882; x_wconf 90' lang='lat' dir='ltr'>Stella</span> <span class='ocrx_word' id='word_1_283' title='bbox 1217 1846 1312 1891; x_wconf 90' lang='lat' dir='ltr'>pari</span> <span class='ocrx_word' id='word_1_284' title='bbox 1327 1844 1498 1882; x_wconf 90' lang='lat' dir='ltr'>bilance</span> <span class='ocrx_word' id='word_1_285' title='bbox 1518 1846 1562 1881; x_wconf 91' lang='lat' dir='ltr'>in</span> <span class='ocrx_word' id='word_1_286' title='bbox 1583 1846 1792 1882; x_wconf 86' lang='lat' dir='ltr'>trutinam</span> <span class='ocrx_word' id='word_1_287' title='bbox 1812 1844 2020 1887; x_wconf 82' lang='lat' dir='ltr'>adhibita.</span> <span class='ocrx_word' id='word_1_288' title='bbox 2040 1849 2083 1881; x_wconf 88' lang='lat' dir='ltr'>vt</span> 
     </span>
     <span class='ocr_line' id='line_1_31' title="bbox 434 1896 2082 1945; baseline 0 -9"><span class='ocrx_word' id='word_1_289' title='bbox 434 1898 685 1936; x_wconf 88' lang='lat' dir='ltr'>Parallaxes</span> <span class='ocrx_word' id='word_1_290' title='bbox 710 1904 840 1945; x_wconf 91' lang='lat' dir='ltr'>atque</span> <span class='ocrx_word' id='word_1_291' title='bbox 863 1896 1160 1936; x_wconf 74' lang='lat' dir='ltr'>Refrac&#39;iiones</span> <span class='ocrx_word' id='word_1_292' title='bbox 1186 1900 1291 1941; x_wconf 93' lang='lat' dir='ltr'>eius,</span> <span class='ocrx_word' id='word_1_293' title='bbox 1318 1909 1407 1944; x_wconf 91' lang='lat' dir='ltr'>quo</span> <span class='ocrx_word' id='word_1_294' title='bbox 1433 1897 1488 1936; x_wconf 91' lang='lat' dir='ltr'>ad</span> <span class='ocrx_word' id='word_1_295' title='bbox 1514 1897 1608 1935; x_wconf 88' lang='lat' dir='ltr'>fieri</span> <span class='ocrx_word' id='word_1_296' title='bbox 1631 1898 1770 1945; x_wconf 89' lang='lat' dir='ltr'>posset,</span> <span class='ocrx_word' id='word_1_297' title='bbox 1796 1897 1870 1936; x_wconf 86' lang='lat' dir='ltr'>fibi</span> <span class='ocrx_word' id='word_1_298' title='bbox 1893 1899 2082 1936; x_wconf 88' lang='lat' dir='ltr'>inuicem</span> 
     </span>
     <span class='ocr_line' id='line_1_32' title="bbox 434 1950 2082 1999; baseline -0.001 -10"><span class='ocrx_word' id='word_1_299' title='bbox 434 1954 635 1998; x_wconf 88' lang='lat' dir='ltr'>vtrinque</span> <span class='ocrx_word' id='word_1_300' title='bbox 652 1951 1048 1999; x_wconf 89' lang='lat' dir='ltr'>corresponderent,</span> <span class='ocrx_word' id='word_1_301' title='bbox 1066 1951 1135 1989; x_wconf 94' lang='lat' dir='ltr'>vel</span> <span class='ocrx_word' id='word_1_302' title='bbox 1152 1963 1287 1998; x_wconf 90' lang='lat' dir='ltr'>quam</span> <span class='ocrx_word' id='word_1_303' title='bbox 1303 1953 1539 1988; x_wconf 93' lang='lat' dir='ltr'>minimum</span> <span class='ocrx_word' id='word_1_304' title='bbox 1555 1953 1800 1998; x_wconf 90' lang='lat' dir='ltr'>ingererent</span> <span class='ocrx_word' id='word_1_305' title='bbox 1816 1950 2082 1994; x_wconf 86' lang='lat' dir='ltr'>discriminis.</span> 
     </span>
     <span class='ocr_line' id='line_1_33' title="bbox 435 2003 2083 2052; baseline 0 -10"><span class='ocrx_word' id='word_1_306' title='bbox 435 2005 471 2042; x_wconf 87' lang='lat'>&amp;</span> <span class='ocrx_word' id='word_1_307' title='bbox 489 2016 543 2042; x_wconf 89' lang='lat' dir='ltr'>ne</span> <span class='ocrx_word' id='word_1_308' title='bbox 560 2004 738 2051; x_wconf 87' lang='lat' dir='ltr'>pufillus</span> <span class='ocrx_word' id='word_1_309' title='bbox 755 2005 899 2042; x_wconf 90' lang='lat' dir='ltr'>adhuc</span> <span class='ocrx_word' id='word_1_310' title='bbox 916 2005 1075 2051; x_wconf 87' lang='lat' dir='ltr'>aliquis</span> <span class='ocrx_word' id='word_1_311' title='bbox 1090 2006 1135 2042; x_wconf 92' lang='lat' dir='ltr'>in</span> <span class='ocrx_word' id='word_1_312' title='bbox 1149 2004 1217 2042; x_wconf 91' lang='lat' dir='ltr'>his</span> <span class='ocrx_word' id='word_1_313' title='bbox 1229 2004 1379 2042; x_wconf 90' lang='lat' dir='ltr'>lateret</span> <span class='ocrx_word' id='word_1_314' title='bbox 1392 2004 1630 2052; x_wconf 85' lang='lat' dir='ltr'>scrupulus,</span> <span class='ocrx_word' id='word_1_315' title='bbox 1648 2015 1701 2042; x_wconf 87' lang='lat' dir='ltr'>eo</span> <span class='ocrx_word' id='word_1_316' title='bbox 1713 2004 1860 2052; x_wconf 92' lang='lat' dir='ltr'>plures</span> <span class='ocrx_word' id='word_1_317' title='bbox 1872 2003 2083 2043; x_wconf 89' lang='lat' dir='ltr'>Obserua-</span> 
     </span>
     <span class='ocr_line' id='line_1_34' title="bbox 435 2057 2084 2105; baseline 0 -10"><span class='ocrx_word' id='word_1_318' title='bbox 435 2061 574 2095; x_wconf 90' lang='lat' dir='ltr'>tiones</span> <span class='ocrx_word' id='word_1_319' title='bbox 587 2060 697 2095; x_wconf 90' lang='lat' dir='ltr'>inter</span> <span class='ocrx_word' id='word_1_320' title='bbox 710 2058 748 2095; x_wconf 87' lang='lat' dir='ltr'>se</span> <span class='ocrx_word' id='word_1_321' title='bbox 762 2057 1050 2096; x_wconf 89' lang='lat' dir='ltr'>conferendas</span> <span class='ocrx_word' id='word_1_322' title='bbox 1063 2058 1299 2095; x_wconf 89' lang='lat' dir='ltr'>consultius</span> <span class='ocrx_word' id='word_1_323' title='bbox 1311 2058 1429 2100; x_wconf 85' lang='lat' dir='ltr'>duxi,</span> <span class='ocrx_word' id='word_1_324' title='bbox 1443 2069 1530 2105; x_wconf 93' lang='lat' dir='ltr'>quo</span> <span class='ocrx_word' id='word_1_325' title='bbox 1541 2069 1628 2096; x_wconf 92' lang='lat' dir='ltr'>vna</span> <span class='ocrx_word' id='word_1_326' title='bbox 1640 2058 1823 2096; x_wconf 88' lang='lat' dir='ltr'>alteram</span> <span class='ocrx_word' id='word_1_327' title='bbox 1833 2057 2084 2096; x_wconf 85' lang='lat' dir='ltr'>emendaret</span> 
     </span>
     <span class='ocr_line' id='line_1_35' title="bbox 435 2111 795 2158; baseline 0 -10"><span class='ocrx_word' id='word_1_328' title='bbox 435 2117 564 2158; x_wconf 87' lang='lat' dir='ltr'>atque</span> <span class='ocrx_word' id='word_1_329' title='bbox 582 2111 795 2158; x_wconf 87' lang='lat' dir='ltr'>probaret.</span> 
     </span>
    </p>

    <p class='ocr_par' dir='ltr' id='par_1_8' title="bbox 436 2162 2083 2371">
     <span class='ocr_line' id='line_1_36' title="bbox 490 2162 2083 2212; baseline 0.001 -11"><span class='ocrx_word' id='word_1_330' title='bbox 490 2164 619 2201; x_wconf 89' lang='lat' dir='ltr'>Nunc</span> <span class='ocrx_word' id='word_1_331' title='bbox 638 2167 783 2211; x_wconf 89' lang='lat' dir='ltr'>itaque</span> <span class='ocrx_word' id='word_1_332' title='bbox 800 2170 842 2201; x_wconf 93' lang='lat' dir='ltr'>vt</span> <span class='ocrx_word' id='word_1_333' title='bbox 860 2164 1024 2212; x_wconf 81' lang='lat' dir='ltr'>lingula</span> <span class='ocrx_word' id='word_1_334' title='bbox 1041 2162 1197 2202; x_wconf 59' lang='lat' dir='ltr'>rectius</span> <span class='ocrx_word' id='word_1_335' title='bbox 1214 2176 1302 2202; x_wconf 94' lang='lat' dir='ltr'>vno</span> <span class='ocrx_word' id='word_1_336' title='bbox 1320 2167 1479 2202; x_wconf 89' lang='lat' dir='ltr'>intuitu</span> <span class='ocrx_word' id='word_1_337' title='bbox 1496 2164 1806 2207; x_wconf 86' lang='lat' dir='ltr'>discernantur,</span> <span class='ocrx_word' id='word_1_338' title='bbox 1829 2163 2083 2212; x_wconf 84' lang='lat' dir='ltr'>recapitula-</span> 
     </span>
     <span class='ocr_line' id='line_1_37' title="bbox 436 2216 2083 2265; baseline 0.001 -11"><span class='ocrx_word' id='word_1_339' title='bbox 436 2219 552 2254; x_wconf 86' lang='lat' dir='ltr'>tione</span> <span class='ocrx_word' id='word_1_340' title='bbox 579 2216 702 2259; x_wconf 63' lang='lat' dir='ltr'>saeta,</span> <span class='ocrx_word' id='word_1_341' title='bbox 731 2218 904 2255; x_wconf 90' lang='lat' dir='ltr'>vltimas</span> <span class='ocrx_word' id='word_1_342' title='bbox 930 2218 1176 2264; x_wconf 89' lang='lat' dir='ltr'>quindenas</span> <span class='ocrx_word' id='word_1_343' title='bbox 1202 2217 1485 2255; x_wconf 82' lang='lat' dir='ltr'>Ascenfiones</span> <span class='ocrx_word' id='word_1_344' title='bbox 1512 2216 1663 2256; x_wconf 68' lang='lat' dir='ltr'>Rec‘tas</span> <span class='ocrx_word' id='word_1_345' title='bbox 1689 2218 1866 2256; x_wconf 87' lang='lat' dir='ltr'>Lucidae</span> <span class='ocrx_word' id='word_1_346' title='bbox 1894 2223 1954 2260; x_wconf 72' lang='lat' dir='ltr'>V.</span> <span class='ocrx_word' id='word_1_347' title='bbox 1985 2227 2083 2265; x_wconf 79' lang='lat' dir='ltr'>quae</span> 
     </span>
     <span class='ocr_line' id='line_1_38' title="bbox 437 2271 2083 2319; baseline 0.001 -12"><span class='ocrx_word' id='word_1_348' title='bbox 437 2271 631 2308; x_wconf 83' lang='lat' dir='ltr'>limitatae</span> <span class='ocrx_word' id='word_1_349' title='bbox 649 2271 948 2318; x_wconf 77' lang='lat' dir='ltr'>castigataeque</span> <span class='ocrx_word' id='word_1_350' title='bbox 967 2277 1101 2312; x_wconf 85' lang='lat' dir='ltr'>erant.</span> <span class='ocrx_word' id='word_1_351' title='bbox 1124 2271 1261 2308; x_wconf 92' lang='lat' dir='ltr'>oculis</span> <span class='ocrx_word' id='word_1_352' title='bbox 1282 2271 1519 2319; x_wconf 82' lang='lat' dir='ltr'>subijciam.</span> <span class='ocrx_word' id='word_1_353' title='bbox 1541 2283 1630 2318; x_wconf 89' lang='lat' dir='ltr'>quo</span> <span class='ocrx_word' id='word_1_354' title='bbox 1647 2271 1791 2309; x_wconf 90' lang='lat' dir='ltr'>adhuc</span> <span class='ocrx_word' id='word_1_355' title='bbox 1812 2271 2007 2310; x_wconf 87' lang='lat' dir='ltr'>subtilius</span> <span class='ocrx_word' id='word_1_356' title='bbox 2022 2272 2083 2308; x_wconf 91' lang='lat' dir='ltr'>in·</span> 
     </span>
     <span class='ocr_line' id='line_1_39' title="bbox 438 2323 1678 2371; baseline 0.002 -11"><span class='ocrx_word' id='word_1_357' title='bbox 438 2326 579 2360; x_wconf 88' lang='lat' dir='ltr'>uicem</span> <span class='ocrx_word' id='word_1_358' title='bbox 597 2323 889 2367; x_wconf 84' lang='lat' dir='ltr'>conferantur,</span> <span class='ocrx_word' id='word_1_359' title='bbox 907 2330 1036 2371; x_wconf 89' lang='lat' dir='ltr'>atque</span> <span class='ocrx_word' id='word_1_360' title='bbox 1054 2324 1342 2371; x_wconf 78' lang='lat' dir='ltr'>scrupulosius</span> <span class='ocrx_word' id='word_1_361' title='bbox 1359 2327 1678 2363; x_wconf 83' lang='lat' dir='ltr'>examinentur.</span> 
     </span>
    </p>
   </div>
   <div class='ocr_carea' id='block_1_6' title="bbox 1752 2534 2083 2576">
    <p class='ocr_par' dir='ltr' id='par_1_9' title="bbox 1752 2534 2083 2576">
     <span class='ocr_line' id='line_1_40' title="bbox 1752 2534 2083 2576; baseline -0.006 0"><span class='ocrx_word' id='word_1_362' title='bbox 1752 2534 2083 2576; x_wconf 84' lang='lat' dir='ltr'>COLLECTIO</span> 
     </span>
    </p>
   </div>
   <div class='ocr_carea' id='block_1_7' title="bbox 2114 789 2144 815">
    <p class='ocr_par' dir='ltr' id='par_1_10' title="bbox 2114 789 2144 815">
     <span class='ocr_line' id='line_1_41' title="bbox 2114 789 2144 815; baseline 0.033 -1"><span class='ocrx_word' id='word_1_363' title='bbox 2114 789 2144 815; x_wconf 87' lang='grc'>10</span> 
     </span>
    </p>
   </div>
   <div class='ocr_carea' id='block_1_8' title="bbox 2117 1110 2145 1135">
    <p class='ocr_par' dir='ltr' id='par_1_11' title="bbox 2117 1110 2145 1135">
     <span class='ocr_line' id='line_1_42' title="bbox 2117 1110 2145 1135; baseline 0.036 -1"><span class='ocrx_word' id='word_1_364' title='bbox 2117 1110 2145 1135; x_wconf 88' lang='grc'>15</span> 
     </span>
    </p>
   </div>
  </div>
 </body>
</html>
