<?xml version="1.0" encoding="UTF-8"?>
<!DOCTYPE html PUBLIC "-//W3C//DTD XHTML 1.0 Transitional//EN"
    "http://www.w3.org/TR/xhtml1/DTD/xhtml1-transitional.dtd">
<html xmlns="http://www.w3.org/1999/xhtml" xml:lang="en" lang="en">
 <head>
  <title>
</title>
<meta http-equiv="Content-Type" content="text/html;charset=utf-8" />
  <meta name='ocr-system' content='tesseract 3.04.00' />
  <meta name='ocr-capabilities' content='ocr_page ocr_carea ocr_par ocr_line ocrx_word'/>
</head>
<body>
  <div class='ocr_page' id='page_1' title='image "./operaomniaedidit02brahuoft/operaomniaedidit02brahuoft_0336.png"; bbox 0 0 2243 3225; ppageno 0'>
   <div class='ocr_carea' id='block_1_1' title="bbox 375 195 1643 244">
    <p class='ocr_par' dir='ltr' id='par_1_1' title="bbox 375 195 1643 244">
     <span class='ocr_line' id='line_1_1' title="bbox 375 195 1643 244; baseline -0.009 0"><span class='ocrx_word' id='word_1_1' title='bbox 375 206 452 244; x_wconf 87' lang='lat'>320</span> <span class='ocrx_word' id='word_1_2' title='bbox 748 197 1201 239; x_wconf 89' lang='lat' dir='ltr'>ASTRONOMIAE</span> <span class='ocrx_word' id='word_1_3' title='bbox 1222 195 1643 235; x_wconf 82' lang='lat' dir='ltr'>INSTAURATAE</span> 
     </span>
    </p>
   </div>
   <div class='ocr_carea' id='block_1_2' title="bbox 372 301 2108 2535">
    <p class='ocr_par' dir='ltr' id='par_1_2' title="bbox 372 301 2073 566">
     <span class='ocr_line' id='line_1_2' title="bbox 375 301 2015 357; baseline -0.005 -9"><span class='ocrx_word' id='word_1_4' title='bbox 375 309 558 357; x_wconf 66' lang='lat' dir='ltr'>asped&#39;tui</span> <span class='ocrx_word' id='word_1_5' title='bbox 575 308 716 346; x_wconf 88' lang='lat' dir='ltr'>nostro</span> <span class='ocrx_word' id='word_1_6' title='bbox 732 306 967 344; x_wconf 92' lang='lat' dir='ltr'>subducere</span> <span class='ocrx_word' id='word_1_7' title='bbox 984 310 1186 351; x_wconf 84' lang='lat' dir='ltr'><strong>nequeat,</strong></span> <span class='ocrx_word' id='word_1_8' title='bbox 1204 315 1295 341; x_wconf 92' lang='lat' dir='ltr'>non</span> <span class='ocrx_word' id='word_1_9' title='bbox 1306 303 1430 350; x_wconf 90' lang='lat' dir='ltr'>posse,</span> <span class='ocrx_word' id='word_1_10' title='bbox 1448 304 1545 349; x_wconf 91' lang='lat' dir='ltr'>quis</span> <span class='ocrx_word' id='word_1_11' title='bbox 1558 301 1612 339; x_wconf 81' lang='lat' dir='ltr'>est</span> <span class='ocrx_word' id='word_1_12' title='bbox 1623 301 1694 339; x_wconf 89' lang='lat' dir='ltr'>vel</span> <span class='ocrx_word' id='word_1_13' title='bbox 1704 301 1859 339; x_wconf 90' lang='lat' dir='ltr'>leuiter</span> <span class='ocrx_word' id='word_1_14' title='bbox 1871 301 2015 340; x_wconf 87' lang='lat' dir='ltr'>Coele-</span> 
     </span>
     <span class='ocr_line' id='line_1_3' title="bbox 373 354 2073 408; baseline -0.004 -8"><span class='ocrx_word' id='word_1_15' title='bbox 373 364 495 400; x_wconf 86' lang='lat' dir='ltr'>stium</span> <span class='ocrx_word' id='word_1_16' title='bbox 513 363 756 408; x_wconf 85' lang='lat' dir='ltr'>cognitione</span> <span class='ocrx_word' id='word_1_17' title='bbox 773 360 976 401; x_wconf 92' lang='lat' dir='ltr'>imbutus,</span> <span class='ocrx_word' id='word_1_18' title='bbox 995 360 1069 404; x_wconf 93' lang='lat' dir='ltr'>qui</span> <span class='ocrx_word' id='word_1_19' title='bbox 1085 355 1279 404; x_wconf 86' lang='lat' dir='ltr'>ignoret?</span> <span class='ocrx_word' id='word_1_20' title='bbox 1294 362 1338 393; x_wconf 89' lang='lat' dir='ltr'>vt</span> <span class='ocrx_word' id='word_1_21' title='bbox 1355 355 1410 393; x_wconf 94' lang='lat' dir='ltr'>ob</span> <span class='ocrx_word' id='word_1_22' title='bbox 1426 355 1469 392; x_wconf 91' lang='lat' dir='ltr'>id</span> <span class='ocrx_word' id='word_1_23' title='bbox 1486 354 1722 402; x_wconf 85' lang='lat' dir='ltr'>Dionyfius</span> <span class='ocrx_word' id='word_1_24' title='bbox 1736 355 2014 402; x_wconf 88' lang='lat' dir='ltr'>Areopagita,</span> <span class='ocrx_word' id='word_1_25' title='bbox 2053 364 2073 394; x_wconf 77' lang='grc' dir='ltr'>-ι-</span> 
     </span>
     <span class='ocr_line' id='line_1_4' title="bbox 374 407 2016 461; baseline -0.005 -8"><span class='ocrx_word' id='word_1_26' title='bbox 374 416 486 453; x_wconf 90' lang='lat' dir='ltr'>hanc</span> <span class='ocrx_word' id='word_1_27' title='bbox 500 415 627 461; x_wconf 90' lang='lat' dir='ltr'>supra</span> <span class='ocrx_word' id='word_1_28' title='bbox 638 413 819 450; x_wconf 91' lang='lat' dir='ltr'>modum</span> <span class='ocrx_word' id='word_1_29' title='bbox 831 410 1138 449; x_wconf 84' lang='lat' dir='ltr'>miraculosam</span> <span class='ocrx_word' id='word_1_30' title='bbox 1150 409 1262 448; x_wconf 92' lang='lat' dir='ltr'>Solis</span> <span class='ocrx_word' id='word_1_31' title='bbox 1275 407 1610 456; x_wconf 91' lang='lat' dir='ltr'>Eclipsationem</span> <span class='ocrx_word' id='word_1_32' title='bbox 1621 407 1808 445; x_wconf 84' lang='lat' dir='ltr'>Athenis</span> <span class='ocrx_word' id='word_1_33' title='bbox 1820 419 2016 452; x_wconf 90' lang='lat' dir='ltr'>cernens,</span> 
     </span>
     <span class='ocr_line' id='line_1_5' title="bbox 374 460 2018 509; baseline -0.005 -3"><span class='ocrx_word' id='word_1_34' title='bbox 374 468 636 507; x_wconf 78' lang='lat' dir='ltr'>exclamarit,</span> <span class='ocrx_word' id='word_1_35' title='bbox 653 472 728 503; x_wconf 92' lang='lat' dir='ltr'>aut</span> <span class='ocrx_word' id='word_1_36' title='bbox 745 464 905 502; x_wconf 91' lang='lat' dir='ltr'>Mundi</span> <span class='ocrx_word' id='word_1_37' title='bbox 916 463 1164 501; x_wconf 83' lang='lat' dir='ltr'>Authorem</span> <span class='ocrx_word' id='word_1_38' title='bbox 1180 464 1281 509; x_wconf 88' lang='lat' dir='ltr'>pati,</span> <span class='ocrx_word' id='word_1_39' title='bbox 1298 461 1368 499; x_wconf 91' lang='lat' dir='ltr'>vel</span> <span class='ocrx_word' id='word_1_40' title='bbox 1384 461 1646 499; x_wconf 90' lang='lat' dir='ltr'>Machinam</span> <span class='ocrx_word' id='word_1_41' title='bbox 1663 463 1757 499; x_wconf 91' lang='lat' dir='ltr'>eius</span> <span class='ocrx_word' id='word_1_42' title='bbox 1773 460 2018 499; x_wconf 88' lang='lat' dir='ltr'>dissolutum</span> 
     </span>
     <span class='ocr_line' id='line_1_6' title="bbox 372 514 2070 566; baseline -0.003 -8"><span class='ocrx_word' id='word_1_43' title='bbox 372 524 435 562; x_wconf 83' lang='lat' dir='ltr'>iri,</span> <span class='ocrx_word' id='word_1_44' title='bbox 454 520 570 558; x_wconf 92' lang='lat' dir='ltr'>velut</span> <span class='ocrx_word' id='word_1_45' title='bbox 586 519 762 566; x_wconf 85' lang='lat' dir='ltr'>ipsemet</span> <span class='ocrx_word' id='word_1_46' title='bbox 778 518 833 555; x_wconf 94' lang='lat' dir='ltr'>ad</span> <span class='ocrx_word' id='word_1_47' title='bbox 849 515 1249 555; x_wconf 88' lang='lat' dir='ltr'>POLYCARPVM</span> <span class='ocrx_word' id='word_1_48' title='bbox 1265 515 1464 558; x_wconf 89' lang='lat' dir='ltr'>scribens,</span> <span class='ocrx_word' id='word_1_49' title='bbox 1481 514 1665 552; x_wconf 84' lang='lat' dir='ltr'>testatur.</span> <span class='ocrx_word' id='word_1_50' title='bbox 2054 527 2070 553; x_wconf 85' lang='grc'><strong><em>5</em></strong></span> 
     </span>
    </p>

    <p class='ocr_par' dir='ltr' id='par_1_3' title="bbox 372 566 2088 828">
     <span class='ocr_line' id='line_1_7' title="bbox 425 566 2017 618; baseline -0.004 -7"><span class='ocrx_word' id='word_1_51' title='bbox 425 574 603 611; x_wconf 83' lang='lat' dir='ltr'>Talibus</span> <span class='ocrx_word' id='word_1_52' title='bbox 627 570 842 618; x_wconf 88' lang='lat' dir='ltr'>(inquam)</span> <span class='ocrx_word' id='word_1_53' title='bbox 867 570 1084 616; x_wconf 89' lang='lat' dir='ltr'>stupendis</span> <span class='ocrx_word' id='word_1_54' title='bbox 1108 568 1292 612; x_wconf 80' lang='lat' dir='ltr'>ostentis,</span> <span class='ocrx_word' id='word_1_55' title='bbox 1317 573 1448 615; x_wconf 90' lang='lat' dir='ltr'>atque</span> <span class='ocrx_word' id='word_1_56' title='bbox 1471 572 1629 615; x_wconf 87' lang='lat' dir='ltr'>praeter</span> <span class='ocrx_word' id='word_1_57' title='bbox 1651 566 1907 605; x_wconf 88' lang='lat' dir='ltr'>consuetum</span> <span class='ocrx_word' id='word_1_58' title='bbox 1927 566 2017 605; x_wconf 93' lang='lat' dir='ltr'>Na-</span> 
     </span>
     <span class='ocr_line' id='line_1_8' title="bbox 372 619 2017 669; baseline -0.005 -4"><span class='ocrx_word' id='word_1_59' title='bbox 372 634 481 665; x_wconf 84' lang='lat' dir='ltr'>turae</span> <span class='ocrx_word' id='word_1_60' title='bbox 498 626 697 663; x_wconf 88' lang='lat' dir='ltr'>ordinem</span> <span class='ocrx_word' id='word_1_61' title='bbox 709 622 975 661; x_wconf 81' lang='lat' dir='ltr'>miraculosis</span> <span class='ocrx_word' id='word_1_62' title='bbox 989 622 1218 669; x_wconf 90' lang='lat' dir='ltr'>Operibus,</span> <span class='ocrx_word' id='word_1_63' title='bbox 1236 632 1336 668; x_wconf 87' lang='lat' dir='ltr'>quae</span> <span class='ocrx_word' id='word_1_64' title='bbox 1350 620 1482 659; x_wconf 91' lang='lat' dir='ltr'>Sacra</span> <span class='ocrx_word' id='word_1_65' title='bbox 1499 620 1605 658; x_wconf 90' lang='lat' dir='ltr'>olim</span> <span class='ocrx_word' id='word_1_66' title='bbox 1622 621 1834 668; x_wconf 84' lang='lat' dir='ltr'>contigisse</span> <span class='ocrx_word' id='word_1_67' title='bbox 1851 619 2017 658; x_wconf 87' lang='lat' dir='ltr'>caelitus</span> 
     </span>
     <span class='ocr_line' id='line_1_9' title="bbox 372 673 2018 720; baseline -0.005 -2"><span class='ocrx_word' id='word_1_68' title='bbox 372 680 575 718; x_wconf 82' lang='lat' dir='ltr'>testantur</span> <span class='ocrx_word' id='word_1_69' title='bbox 586 677 790 720; x_wconf 89' lang='lat' dir='ltr'>Oracula,</span> <span class='ocrx_word' id='word_1_70' title='bbox 803 676 886 714; x_wconf 94' lang='lat' dir='ltr'>hoc</span> <span class='ocrx_word' id='word_1_71' title='bbox 896 676 1081 713; x_wconf 91' lang='lat' dir='ltr'>Nouum</span> <span class='ocrx_word' id='word_1_72' title='bbox 1090 677 1136 712; x_wconf 94' lang='lat' dir='ltr'>in</span> <span class='ocrx_word' id='word_1_73' title='bbox 1145 674 1355 712; x_wconf 91' lang='lat' dir='ltr'>AEthereo</span> <span class='ocrx_word' id='word_1_74' title='bbox 1365 673 1541 711; x_wconf 93' lang='lat' dir='ltr'>Mundo</span> <span class='ocrx_word' id='word_1_75' title='bbox 1553 673 1696 711; x_wconf 80' lang='lat' dir='ltr'>nostro</span> <span class='ocrx_word' id='word_1_76' title='bbox 1705 685 1806 711; x_wconf 86' lang='lat' dir='ltr'>aeuo</span> <span class='ocrx_word' id='word_1_77' title='bbox 1817 678 2018 711; x_wconf 85' lang='lat' dir='ltr'>exortum</span> 
     </span>
     <span class='ocr_line' id='line_1_10' title="bbox 374 726 2018 778; baseline -0.004 -8"><span class='ocrx_word' id='word_1_78' title='bbox 374 733 500 771; x_wconf 89' lang='lat' dir='ltr'>Sidus</span> <span class='ocrx_word' id='word_1_79' title='bbox 523 732 625 778; x_wconf 82' lang='lat' dir='ltr'>(illic</span> <span class='ocrx_word' id='word_1_80' title='bbox 647 732 764 768; x_wconf 91' lang='lat' dir='ltr'>enim</span> <span class='ocrx_word' id='word_1_81' title='bbox 784 740 941 767; x_wconf 91' lang='lat' dir='ltr'>reuera</span> <span class='ocrx_word' id='word_1_82' title='bbox 960 728 1087 771; x_wconf 86' lang='lat' dir='ltr'>fuisse,</span> <span class='ocrx_word' id='word_1_83' title='bbox 1109 727 1255 775; x_wconf 85' lang='lat' dir='ltr'>postea</span> <span class='ocrx_word' id='word_1_84' title='bbox 1274 729 1334 765; x_wconf 93' lang='lat' dir='ltr'>ita</span> <span class='ocrx_word' id='word_1_85' title='bbox 1354 732 1470 765; x_wconf 91' lang='lat' dir='ltr'>certo</span> <span class='ocrx_word' id='word_1_86' title='bbox 1486 732 1530 764; x_wconf 92' lang='lat' dir='ltr'>vt</span> <span class='ocrx_word' id='word_1_87' title='bbox 1550 726 1661 764; x_wconf 90' lang='lat' dir='ltr'>nulli</span> <span class='ocrx_word' id='word_1_88' title='bbox 1676 726 1723 764; x_wconf 85' lang='lat' dir='ltr'>fit</span> <span class='ocrx_word' id='word_1_89' title='bbox 1738 726 2018 774; x_wconf 78' lang='lat' dir='ltr'>refragationi</span> 
     </span>
     <span class='ocr_line' id='line_1_11' title="bbox 373 780 2088 828; baseline -0.006 -4"><span class='ocrx_word' id='word_1_90' title='bbox 373 787 494 823; x_wconf 92' lang='lat' dir='ltr'>locus</span> <span class='ocrx_word' id='word_1_91' title='bbox 511 782 829 828; x_wconf 89' lang='lat' dir='ltr'>demonstrabo)</span> <span class='ocrx_word' id='word_1_92' title='bbox 848 781 1164 820; x_wconf 87' lang='lat' dir='ltr'>conferendum</span> <span class='ocrx_word' id='word_1_93' title='bbox 1181 781 1256 818; x_wconf 88' lang='lat' dir='ltr'>esse</span> <span class='ocrx_word' id='word_1_94' title='bbox 1274 780 1438 818; x_wconf 89' lang='lat' dir='ltr'>censeo.</span> <span class='ocrx_word' id='word_1_95' title='bbox 2057 792 2088 818; x_wconf 90' lang='grc' dir='ltr'>ιο</span> 
     </span>
    </p>

    <p class='ocr_par' dir='ltr' id='par_1_4' title="bbox 373 831 2089 1254">
     <span class='ocr_line' id='line_1_12' title="bbox 422 831 2018 884; baseline -0.004 -8"><span class='ocrx_word' id='word_1_96' title='bbox 422 839 475 884; x_wconf 87' lang='lat' dir='ltr'>Jn</span> <span class='ocrx_word' id='word_1_97' title='bbox 491 838 691 884; x_wconf 91' lang='lat' dir='ltr'>suprema</span> <span class='ocrx_word' id='word_1_98' title='bbox 707 847 899 882; x_wconf 91' lang='lat' dir='ltr'>namque</span> <span class='ocrx_word' id='word_1_99' title='bbox 913 834 1109 873; x_wconf 80' lang='lat' dir='ltr'>Coelestis</span> <span class='ocrx_word' id='word_1_100' title='bbox 1126 834 1288 872; x_wconf 92' lang='lat' dir='ltr'>Mundi</span> <span class='ocrx_word' id='word_1_101' title='bbox 1305 833 1496 881; x_wconf 90' lang='lat' dir='ltr'>Regione</span> <span class='ocrx_word' id='word_1_102' title='bbox 1513 833 1694 872; x_wconf 89' lang='lat' dir='ltr'>Stellam</span> <span class='ocrx_word' id='word_1_103' title='bbox 1709 832 1907 880; x_wconf 86' lang='lat' dir='ltr'>aliquam</span> <span class='ocrx_word' id='word_1_104' title='bbox 1922 831 2018 871; x_wconf 92' lang='lat' dir='ltr'>reli-</span> 
     </span>
     <span class='ocr_line' id='line_1_13' title="bbox 374 885 2020 939; baseline -0.003 -10"><span class='ocrx_word' id='word_1_105' title='bbox 374 894 470 939; x_wconf 92' lang='lat' dir='ltr'>quis</span> <span class='ocrx_word' id='word_1_106' title='bbox 486 891 745 931; x_wconf 85' lang='lat' dir='ltr'>fimilimam.</span> <span class='ocrx_word' id='word_1_107' title='bbox 767 891 856 926; x_wconf 92' lang='lat' dir='ltr'>imo</span> <span class='ocrx_word' id='word_1_108' title='bbox 873 888 1113 935; x_wconf 90' lang='lat' dir='ltr'>aliquando</span> <span class='ocrx_word' id='word_1_109' title='bbox 1130 887 1437 935; x_wconf 90' lang='lat' dir='ltr'>fulgentiorem</span> <span class='ocrx_word' id='word_1_110' title='bbox 1453 892 1584 934; x_wconf 92' lang='lat' dir='ltr'>atque</span> <span class='ocrx_word' id='word_1_111' title='bbox 1600 886 1699 933; x_wconf 92' lang='lat' dir='ltr'>plus</span> <span class='ocrx_word' id='word_1_112' title='bbox 1715 885 2020 924; x_wconf 81' lang='lat' dir='ltr'>scintillantem</span> 
     </span>
     <span class='ocr_line' id='line_1_14' title="bbox 373 939 2019 989; baseline -0.003 -7"><span class='ocrx_word' id='word_1_113' title='bbox 373 947 545 982; x_wconf 92' lang='lat' dir='ltr'>nouiter</span> <span class='ocrx_word' id='word_1_114' title='bbox 562 943 599 981; x_wconf 88' lang='lat'>&amp;</span> <span class='ocrx_word' id='word_1_115' title='bbox 616 944 667 980; x_wconf 91' lang='lat' dir='ltr'>de</span> <span class='ocrx_word' id='word_1_116' title='bbox 684 947 860 989; x_wconf 91' lang='lat' dir='ltr'>repente</span> <span class='ocrx_word' id='word_1_117' title='bbox 878 943 1050 985; x_wconf 83' lang='lat' dir='ltr'>exoriri,</span> <span class='ocrx_word' id='word_1_118' title='bbox 1072 941 1236 987; x_wconf 93' lang='lat' dir='ltr'>diuque</span> <span class='ocrx_word' id='word_1_119' title='bbox 1252 942 1483 978; x_wconf 92' lang='lat' dir='ltr'>immotam</span> <span class='ocrx_word' id='word_1_120' title='bbox 1500 939 1739 983; x_wconf 84' lang='lat' dir='ltr'>confistere;</span> <span class='ocrx_word' id='word_1_121' title='bbox 1760 951 1852 977; x_wconf 90' lang='lat' dir='ltr'>non</span> <span class='ocrx_word' id='word_1_122' title='bbox 1871 940 2019 977; x_wconf 89' lang='lat' dir='ltr'>minus</span> 
     </span>
     <span class='ocr_line' id='line_1_15' title="bbox 374 992 2019 1042; baseline -0.003 -7"><span class='ocrx_word' id='word_1_123' title='bbox 374 998 427 1035; x_wconf 89' lang='lat' dir='ltr'>est</span> <span class='ocrx_word' id='word_1_124' title='bbox 439 996 713 1039; x_wconf 86' lang='lat' dir='ltr'>miraculum,</span> <span class='ocrx_word' id='word_1_125' title='bbox 726 1006 861 1042; x_wconf 92' lang='lat' dir='ltr'>quam</span> <span class='ocrx_word' id='word_1_126' title='bbox 871 994 1018 1033; x_wconf 93' lang='lat' dir='ltr'>Solem</span> <span class='ocrx_word' id='word_1_127' title='bbox 1030 993 1215 1031; x_wconf 92' lang='lat' dir='ltr'>inhibito</span> <span class='ocrx_word' id='word_1_128' title='bbox 1225 999 1349 1031; x_wconf 92' lang='lat' dir='ltr'>motu</span> <span class='ocrx_word' id='word_1_129' title='bbox 1358 992 1592 1031; x_wconf 91' lang='lat' dir='ltr'>vniuersali</span> <span class='ocrx_word' id='word_1_130' title='bbox 1603 992 1723 1037; x_wconf 89' lang='lat' dir='ltr'>stare,</span> <span class='ocrx_word' id='word_1_131' title='bbox 1736 992 2019 1037; x_wconf 88' lang='lat' dir='ltr'>retrocedere,</span> 
     </span>
     <span class='ocr_line' id='line_1_16' title="bbox 374 1045 2089 1097; baseline -0.003 -9"><span class='ocrx_word' id='word_1_132' title='bbox 374 1051 615 1097; x_wconf 91' lang='lat' dir='ltr'>deliquium</span> <span class='ocrx_word' id='word_1_133' title='bbox 631 1048 790 1096; x_wconf 90' lang='lat' dir='ltr'>absque</span> <span class='ocrx_word' id='word_1_134' title='bbox 808 1048 935 1086; x_wconf 89' lang='lat' dir='ltr'>Luna</span> <span class='ocrx_word' id='word_1_135' title='bbox 951 1049 1052 1095; x_wconf 92' lang='lat' dir='ltr'>pati.</span> <span class='ocrx_word' id='word_1_136' title='bbox 1074 1047 1122 1085; x_wconf 92' lang='lat' dir='ltr'>Id</span> <span class='ocrx_word' id='word_1_137' title='bbox 1137 1046 1349 1094; x_wconf 86' lang='lat' dir='ltr'>fiquidem</span> <span class='ocrx_word' id='word_1_138' title='bbox 1366 1047 1484 1094; x_wconf 92' lang='lat' dir='ltr'>quod</span> <span class='ocrx_word' id='word_1_139' title='bbox 1501 1052 1632 1084; x_wconf 93' lang='lat' dir='ltr'>antea</span> <span class='ocrx_word' id='word_1_140' title='bbox 1647 1057 1739 1084; x_wconf 92' lang='lat' dir='ltr'>non</span> <span class='ocrx_word' id='word_1_141' title='bbox 1755 1045 1847 1090; x_wconf 84' lang='lat' dir='ltr'>fuit,</span> <span class='ocrx_word' id='word_1_142' title='bbox 1869 1057 1923 1084; x_wconf 89' lang='lat' dir='ltr'>ex</span> <span class='ocrx_word' id='word_1_143' title='bbox 1940 1047 2019 1084; x_wconf 90' lang='lat' dir='ltr'>im-</span> <span class='ocrx_word' id='word_1_144' title='bbox 2059 1058 2089 1083; x_wconf 84' lang='lat'>15</span> 
     </span>
     <span class='ocr_line' id='line_1_17' title="bbox 373 1098 2021 1151; baseline -0.002 -10"><span class='ocrx_word' id='word_1_145' title='bbox 373 1103 546 1151; x_wconf 91' lang='lat' dir='ltr'>prouiso</span> <span class='ocrx_word' id='word_1_146' title='bbox 562 1104 607 1140; x_wconf 91' lang='lat' dir='ltr'>in</span> <span class='ocrx_word' id='word_1_147' title='bbox 625 1102 753 1140; x_wconf 90' lang='lat' dir='ltr'>Coelo</span> <span class='ocrx_word' id='word_1_148' title='bbox 769 1113 848 1148; x_wconf 90' lang='lat' dir='ltr'>par</span> <span class='ocrx_word' id='word_1_149' title='bbox 864 1101 1043 1148; x_wconf 89' lang='lat' dir='ltr'>reliquis</span> <span class='ocrx_word' id='word_1_150' title='bbox 1060 1102 1154 1138; x_wconf 91' lang='lat' dir='ltr'>eius</span> <span class='ocrx_word' id='word_1_151' title='bbox 1170 1100 1324 1138; x_wconf 91' lang='lat' dir='ltr'>lucidis</span> <span class='ocrx_word' id='word_1_152' title='bbox 1342 1100 1614 1147; x_wconf 91' lang='lat' dir='ltr'>Corporibus</span> <span class='ocrx_word' id='word_1_153' title='bbox 1635 1105 1796 1143; x_wconf 83' lang='lat' dir='ltr'>extare,</span> <span class='ocrx_word' id='word_1_154' title='bbox 1817 1110 1944 1147; x_wconf 86' lang='lat' dir='ltr'>aeque</span> <span class='ocrx_word' id='word_1_155' title='bbox 1965 1098 2021 1137; x_wconf 81' lang='lat' dir='ltr'>en</span> 
     </span>
     <span class='ocr_line' id='line_1_18' title="bbox 373 1152 2020 1202; baseline -0.002 -8"><span class='ocrx_word' id='word_1_156' title='bbox 373 1157 573 1198; x_wconf 85' lang='lat' dir='ltr'>insolens,</span> <span class='ocrx_word' id='word_1_157' title='bbox 591 1161 720 1202; x_wconf 90' lang='lat' dir='ltr'>atque</span> <span class='ocrx_word' id='word_1_158' title='bbox 733 1166 797 1197; x_wconf 93' lang='lat' dir='ltr'>ea,</span> <span class='ocrx_word' id='word_1_159' title='bbox 815 1166 915 1201; x_wconf 87' lang='lat' dir='ltr'>quae</span> <span class='ocrx_word' id='word_1_160' title='bbox 927 1154 1002 1202; x_wconf 88' lang='lat' dir='ltr'>ipfi</span> <span class='ocrx_word' id='word_1_161' title='bbox 1014 1166 1040 1192; x_wconf 94' lang='lat' dir='ltr'>a</span> <span class='ocrx_word' id='word_1_162' title='bbox 1051 1154 1292 1201; x_wconf 92' lang='lat' dir='ltr'>primordio</span> <span class='ocrx_word' id='word_1_163' title='bbox 1303 1165 1452 1191; x_wconf 92' lang='lat' dir='ltr'>rerum</span> <span class='ocrx_word' id='word_1_164' title='bbox 1462 1152 1688 1191; x_wconf 87' lang='lat' dir='ltr'>infuerunt</span> <span class='ocrx_word' id='word_1_165' title='bbox 1699 1153 1902 1197; x_wconf 87' lang='lat' dir='ltr'>Lumina,</span> <span class='ocrx_word' id='word_1_166' title='bbox 1919 1163 2020 1191; x_wconf 91' lang='lat' dir='ltr'>con-</span> 
     </span>
     <span class='ocr_line' id='line_1_19' title="bbox 373 1206 1436 1254; baseline -0.003 -7"><span class='ocrx_word' id='word_1_167' title='bbox 373 1216 438 1248; x_wconf 91' lang='lat' dir='ltr'>tra</span> <span class='ocrx_word' id='word_1_168' title='bbox 454 1209 707 1247; x_wconf 91' lang='lat' dir='ltr'>consuetum</span> <span class='ocrx_word' id='word_1_169' title='bbox 724 1207 1077 1254; x_wconf 90' lang='lat' dir='ltr'>constantemque</span> <span class='ocrx_word' id='word_1_170' title='bbox 1093 1213 1291 1245; x_wconf 90' lang='lat' dir='ltr'>tenorem</span> <span class='ocrx_word' id='word_1_171' title='bbox 1308 1206 1436 1245; x_wconf 84' lang='lat' dir='ltr'>affici.</span> 
     </span>
    </p>

    <p class='ocr_par' dir='ltr' id='par_1_5' title="bbox 373 1258 2108 1682">
     <span class='ocr_line' id='line_1_20' title="bbox 428 1258 2020 1309; baseline -0.003 -9"><span class='ocrx_word' id='word_1_172' title='bbox 428 1263 537 1309; x_wconf 91' lang='lat' dir='ltr'>Quis</span> <span class='ocrx_word' id='word_1_173' title='bbox 555 1264 671 1300; x_wconf 90' lang='lat' dir='ltr'>enirn</span> <span class='ocrx_word' id='word_1_174' title='bbox 688 1261 1092 1309; x_wconf 90' lang='lat' dir='ltr'>philosophantium</span> <span class='ocrx_word' id='word_1_175' title='bbox 1108 1261 1275 1308; x_wconf 80' lang='lat' dir='ltr'>negarit</span> <span class='ocrx_word' id='word_1_176' title='bbox 1291 1260 1446 1298; x_wconf 88' lang='lat' dir='ltr'>Stellas</span> <span class='ocrx_word' id='word_1_177' title='bbox 1462 1271 1617 1298; x_wconf 91' lang='lat' dir='ltr'>omnes</span> <span class='ocrx_word' id='word_1_178' title='bbox 1632 1258 1855 1297; x_wconf 88' lang='lat' dir='ltr'>AEthereae</span> <span class='ocrx_word' id='word_1_179' title='bbox 1870 1258 2020 1307; x_wconf 88' lang='lat' dir='ltr'>Regio-</span> 
     </span>
     <span class='ocr_line' id='line_1_21' title="bbox 374 1313 2091 1361; baseline -0.002 -8"><span class='ocrx_word' id='word_1_180' title='bbox 374 1319 452 1359; x_wconf 87' lang='lat' dir='ltr'>nis,</span> <span class='ocrx_word' id='word_1_181' title='bbox 464 1315 653 1354; x_wconf 92' lang='lat' dir='ltr'>eundem</span> <span class='ocrx_word' id='word_1_182' title='bbox 663 1315 813 1357; x_wconf 89' lang='lat' dir='ltr'>Situm,</span> <span class='ocrx_word' id='word_1_183' title='bbox 825 1314 1087 1358; x_wconf 91' lang='lat' dir='ltr'>Numerum,</span> <span class='ocrx_word' id='word_1_184' title='bbox 1099 1314 1455 1361; x_wconf 87' lang='lat' dir='ltr'>Magnitudinem</span> <span class='ocrx_word' id='word_1_185' title='bbox 1463 1319 1595 1360; x_wconf 90' lang='lat' dir='ltr'>atque</span> <span class='ocrx_word' id='word_1_186' title='bbox 1605 1313 1812 1351; x_wconf 91' lang='lat' dir='ltr'>Formam</span> <span class='ocrx_word' id='word_1_187' title='bbox 1821 1313 2020 1355; x_wconf 90' lang='lat' dir='ltr'>retinere,</span> <span class='ocrx_word' id='word_1_188' title='bbox 2058 1323 2091 1350; x_wconf 87' lang='lat'>20</span> 
     </span>
     <span class='ocr_line' id='line_1_22' title="bbox 374 1365 2021 1417; baseline -0.002 -10"><span class='ocrx_word' id='word_1_189' title='bbox 374 1381 509 1417; x_wconf 90' lang='lat' dir='ltr'>quam</span> <span class='ocrx_word' id='word_1_190' title='bbox 524 1368 624 1406; x_wconf 90' lang='lat' dir='ltr'>inde</span> <span class='ocrx_word' id='word_1_191' title='bbox 641 1368 696 1406; x_wconf 92' lang='lat' dir='ltr'>ab</span> <span class='ocrx_word' id='word_1_192' title='bbox 712 1370 837 1405; x_wconf 91' lang='lat' dir='ltr'>initio</span> <span class='ocrx_word' id='word_1_193' title='bbox 854 1373 1065 1415; x_wconf 90' lang='lat' dir='ltr'>perpetuo</span> <span class='ocrx_word' id='word_1_194' title='bbox 1082 1367 1379 1410; x_wconf 91' lang='lat' dir='ltr'>obtinuerunt,</span> <span class='ocrx_word' id='word_1_195' title='bbox 1401 1378 1482 1404; x_wconf 91' lang='lat' dir='ltr'>nec</span> <span class='ocrx_word' id='word_1_196' title='bbox 1502 1366 1674 1414; x_wconf 84' lang='lat' dir='ltr'>aliquas</span> <span class='ocrx_word' id='word_1_197' title='bbox 1695 1377 1850 1404; x_wconf 90' lang='lat' dir='ltr'>eorum</span> <span class='ocrx_word' id='word_1_198' title='bbox 1865 1365 1936 1403; x_wconf 87' lang='lat' dir='ltr'>vel</span> <span class='ocrx_word' id='word_1_199' title='bbox 1953 1376 2021 1404; x_wconf 91' lang='lat' dir='ltr'>ac-</span> 
     </span>
     <span class='ocr_line' id='line_1_23' title="bbox 374 1417 2108 1471; baseline -0.001 -12"><span class='ocrx_word' id='word_1_200' title='bbox 374 1422 570 1465; x_wconf 90' lang='lat' dir='ltr'>crescere,</span> <span class='ocrx_word' id='word_1_201' title='bbox 595 1421 663 1459; x_wconf 93' lang='lat' dir='ltr'>vel</span> <span class='ocrx_word' id='word_1_202' title='bbox 686 1423 818 1459; x_wconf 91' lang='lat' dir='ltr'>etiam</span> <span class='ocrx_word' id='word_1_203' title='bbox 843 1417 857 1471; x_wconf 91' lang='grc' dir='ltr'>ΙΙ</span> <span class='ocrx_word' id='word_1_204' title='bbox 882 1420 1079 1458; x_wconf 89' lang='lat' dir='ltr'>deficere.</span> <span class='ocrx_word' id='word_1_205' title='bbox 1105 1420 1241 1467; x_wconf 91' lang='lat' dir='ltr'>(Nam</span> <span class='ocrx_word' id='word_1_206' title='bbox 1265 1420 1383 1468; x_wconf 91' lang='lat' dir='ltr'>quod</span> <span class='ocrx_word' id='word_1_207' title='bbox 1405 1419 1633 1468; x_wconf 91' lang='lat' dir='ltr'>septimam</span> <span class='ocrx_word' id='word_1_208' title='bbox 1656 1419 1897 1463; x_wconf 90' lang='lat' dir='ltr'>Pleiadum,</span> <span class='ocrx_word' id='word_1_209' title='bbox 1920 1423 2021 1457; x_wconf 90' lang='lat' dir='ltr'>ante</span> <span class='ocrx_word' id='word_1_210' title='bbox 2045 1424 2108 1458; x_wconf 85' lang='lat'>318</span> 
     </span>
     <span class='ocr_line' id='line_1_24' title="bbox 375 1472 2078 1520; baseline -0.002 -7"><span class='ocrx_word' id='word_1_211' title='bbox 375 1476 591 1513; x_wconf 85' lang='lat' dir='ltr'>excidium</span> <span class='ocrx_word' id='word_1_212' title='bbox 603 1475 846 1512; x_wconf 92' lang='lat' dir='ltr'>Troianum</span> <span class='ocrx_word' id='word_1_213' title='bbox 859 1476 1024 1512; x_wconf 87' lang='lat' dir='ltr'>caeteris</span> <span class='ocrx_word' id='word_1_214' title='bbox 1044 1474 1302 1512; x_wconf 90' lang='lat' dir='ltr'>lucidiorem</span> <span class='ocrx_word' id='word_1_215' title='bbox 1318 1473 1447 1517; x_wconf 89' lang='lat' dir='ltr'>fuisse,</span> <span class='ocrx_word' id='word_1_216' title='bbox 1464 1479 1655 1520; x_wconf 91' lang='lat' dir='ltr'>tuncque</span> <span class='ocrx_word' id='word_1_217' title='bbox 1672 1472 1928 1520; x_wconf 81' lang='lat' dir='ltr'>disparuisse,</span> <span class='ocrx_word' id='word_1_218' title='bbox 1945 1483 2021 1510; x_wconf 92' lang='lat' dir='ltr'>au·</span> <span class='ocrx_word' id='word_1_219' title='bbox 2058 1480 2078 1511; x_wconf 67' lang='lat' dir='ltr'>i·</span> 
     </span>
     <span class='ocr_line' id='line_1_25' title="bbox 374 1526 2021 1575; baseline -0.002 -9"><span class='ocrx_word' id='word_1_220' title='bbox 374 1534 554 1571; x_wconf 90' lang='lat' dir='ltr'>tumant,</span> <span class='ocrx_word' id='word_1_221' title='bbox 572 1530 791 1575; x_wconf 91' lang='lat' dir='ltr'>poeticum</span> <span class='ocrx_word' id='word_1_222' title='bbox 804 1527 841 1565; x_wconf 87' lang='lat'>&amp;</span> <span class='ocrx_word' id='word_1_223' title='bbox 853 1527 1099 1566; x_wconf 86' lang='lat' dir='ltr'>fabulosum</span> <span class='ocrx_word' id='word_1_224' title='bbox 1112 1528 1188 1565; x_wconf 88' lang='lat' dir='ltr'>esse</span> <span class='ocrx_word' id='word_1_225' title='bbox 1202 1526 1426 1573; x_wconf 84' lang='lat' dir='ltr'>existimo.)</span> <span class='ocrx_word' id='word_1_226' title='bbox 1444 1526 1625 1565; x_wconf 87' lang='lat' dir='ltr'>Coelum</span> <span class='ocrx_word' id='word_1_227' title='bbox 1637 1528 1756 1564; x_wconf 88' lang='lat' dir='ltr'>enim</span> <span class='ocrx_word' id='word_1_228' title='bbox 1768 1537 1869 1564; x_wconf 91' lang='lat' dir='ltr'>cum</span> <span class='ocrx_word' id='word_1_229' title='bbox 1881 1526 2021 1564; x_wconf 90' lang='lat' dir='ltr'>omni-</span> 
     </span>
     <span class='ocr_line' id='line_1_26' title="bbox 373 1579 2091 1629; baseline -0.002 -10"><span class='ocrx_word' id='word_1_230' title='bbox 373 1583 452 1620; x_wconf 90' lang='lat' dir='ltr'>bus</span> <span class='ocrx_word' id='word_1_231' title='bbox 469 1581 553 1619; x_wconf 90' lang='lat' dir='ltr'>suis</span> <span class='ocrx_word' id='word_1_232' title='bbox 567 1581 836 1629; x_wconf 87' lang='lat' dir='ltr'>Corporibus</span> <span class='ocrx_word' id='word_1_233' title='bbox 854 1581 964 1618; x_wconf 83' lang='lat' dir='ltr'>nulli</span> <span class='ocrx_word' id='word_1_234' title='bbox 978 1583 1211 1618; x_wconf 90' lang='lat' dir='ltr'>mutationi</span> <span class='ocrx_word' id='word_1_235' title='bbox 1224 1581 1468 1618; x_wconf 80' lang='lat' dir='ltr'>obnoxium</span> <span class='ocrx_word' id='word_1_236' title='bbox 1479 1580 1580 1618; x_wconf 91' lang='lat' dir='ltr'>inde</span> <span class='ocrx_word' id='word_1_237' title='bbox 1592 1591 1620 1618; x_wconf 93' lang='lat' dir='ltr'>a</span> <span class='ocrx_word' id='word_1_238' title='bbox 1630 1582 1773 1627; x_wconf 88' lang='lat' dir='ltr'>prima</span> <span class='ocrx_word' id='word_1_239' title='bbox 1785 1579 2021 1618; x_wconf 88' lang='lat' dir='ltr'>Creatione</span> <span class='ocrx_word' id='word_1_240' title='bbox 2058 1590 2091 1616; x_wconf 81' lang='lat'>25</span> 
     </span>
     <span class='ocr_line' id='line_1_27' title="bbox 373 1633 1895 1682; baseline -0.001 -10"><span class='ocrx_word' id='word_1_241' title='bbox 373 1646 643 1682; x_wconf 90' lang='lat' dir='ltr'>permanere,</span> <span class='ocrx_word' id='word_1_242' title='bbox 661 1635 888 1672; x_wconf 91' lang='lat' dir='ltr'>diutissima</span> <span class='ocrx_word' id='word_1_243' title='bbox 904 1634 1146 1672; x_wconf 90' lang='lat' dir='ltr'>multorum</span> <span class='ocrx_word' id='word_1_244' title='bbox 1162 1634 1422 1672; x_wconf 89' lang='lat' dir='ltr'>Seculorum</span> <span class='ocrx_word' id='word_1_245' title='bbox 1439 1634 1586 1671; x_wconf 92' lang='lat' dir='ltr'>docuit</span> <span class='ocrx_word' id='word_1_246' title='bbox 1603 1633 1895 1681; x_wconf 81' lang='lat' dir='ltr'>Experientia.</span> 
     </span>
    </p>

    <p class='ocr_par' dir='ltr' id='par_1_6' title="bbox 374 1684 2092 2424">
     <span class='ocr_line' id='line_1_28' title="bbox 426 1684 2023 1735; baseline -0.001 -10"><span class='ocrx_word' id='word_1_247' title='bbox 426 1689 542 1726; x_wconf 91' lang='lat' dir='ltr'>Licet</span> <span class='ocrx_word' id='word_1_248' title='bbox 565 1700 668 1725; x_wconf 93' lang='lat' dir='ltr'>vero</span> <span class='ocrx_word' id='word_1_249' title='bbox 692 1687 1084 1726; x_wconf 86' lang='lat' dir='ltr'>ARISTOTELES</span> <span class='ocrx_word' id='word_1_250' title='bbox 1108 1687 1281 1726; x_wconf 85' lang='lat' dir='ltr'>Scholae</span> <span class='ocrx_word' id='word_1_251' title='bbox 1307 1687 1603 1735; x_wconf 86' lang='lat' dir='ltr'>Peripateticae</span> <span class='ocrx_word' id='word_1_252' title='bbox 1630 1685 1894 1730; x_wconf 88' lang='lat' dir='ltr'>Monarcha‚</span> <span class='ocrx_word' id='word_1_253' title='bbox 1919 1684 2023 1723; x_wconf 83' lang='lat' dir='ltr'>hinc</span> 
     </span>
     <span class='ocr_line' id='line_1_29' title="bbox 374 1739 2079 1788; baseline 0 -10"><span class='ocrx_word' id='word_1_254' title='bbox 374 1743 620 1783; x_wconf 86' lang='lat' dir='ltr'>extruxerit,</span> <span class='ocrx_word' id='word_1_255' title='bbox 643 1741 821 1779; x_wconf 89' lang='lat' dir='ltr'>Coelum</span> <span class='ocrx_word' id='word_1_256' title='bbox 842 1741 966 1779; x_wconf 89' lang='lat' dir='ltr'>nulla</span> <span class='ocrx_word' id='word_1_257' title='bbox 986 1752 1107 1779; x_wconf 88' lang='lat' dir='ltr'>noua</span> <span class='ocrx_word' id='word_1_258' title='bbox 1127 1743 1318 1788; x_wconf 92' lang='lat' dir='ltr'>recipere</span> <span class='ocrx_word' id='word_1_259' title='bbox 1336 1740 1550 1788; x_wconf 91' lang='lat' dir='ltr'>Corpora,</span> <span class='ocrx_word' id='word_1_260' title='bbox 1567 1746 1714 1788; x_wconf 89' lang='lat' dir='ltr'>vtpote</span> <span class='ocrx_word' id='word_1_261' title='bbox 1731 1739 2023 1778; x_wconf 86' lang='lat' dir='ltr'>Generatiom&#39;</span> <span class='ocrx_word' id='word_1_262' title='bbox 2059 1745 2079 1778; x_wconf 78' lang='lat'><em>†</em></span> 
     </span>
     <span class='ocr_line' id='line_1_30' title="bbox 374 1792 2023 1842; baseline -0.001 -10"><span class='ocrx_word' id='word_1_263' title='bbox 374 1802 503 1842; x_wconf 87' lang='lat' dir='ltr'>atque</span> <span class='ocrx_word' id='word_1_264' title='bbox 522 1794 805 1841; x_wconf 86' lang='lat' dir='ltr'>Corruptioni</span> <span class='ocrx_word' id='word_1_265' title='bbox 826 1806 917 1832; x_wconf 93' lang='lat' dir='ltr'>non</span> <span class='ocrx_word' id='word_1_266' title='bbox 939 1794 1182 1832; x_wconf 89' lang='lat' dir='ltr'>obnoxium</span> <span class='ocrx_word' id='word_1_267' title='bbox 1204 1794 1339 1841; x_wconf 88' lang='lat' dir='ltr'>(quod</span> <span class='ocrx_word' id='word_1_268' title='bbox 1361 1794 1540 1841; x_wconf 92' lang='lat' dir='ltr'>quidem</span> <span class='ocrx_word' id='word_1_269' title='bbox 1560 1805 1637 1841; x_wconf 91' lang='lat' dir='ltr'>per</span> <span class='ocrx_word' id='word_1_270' title='bbox 1655 1793 1695 1832; x_wconf 87' lang='lat' dir='ltr'>se</span> <span class='ocrx_word' id='word_1_271' title='bbox 1712 1793 1750 1831; x_wconf 86' lang='lat'>&amp;</span> <span class='ocrx_word' id='word_1_272' title='bbox 1766 1792 2023 1831; x_wconf 87' lang='lat' dir='ltr'>naturaliter</span> 
     </span>
     <span class='ocr_line' id='line_1_31' title="bbox 374 1845 2091 1895; baseline -0.001 -10"><span class='ocrx_word' id='word_1_273' title='bbox 374 1859 527 1885; x_wconf 89' lang='lat' dir='ltr'>verum</span> <span class='ocrx_word' id='word_1_274' title='bbox 540 1847 611 1893; x_wconf 87' lang='lat' dir='ltr'>est)</span> <span class='ocrx_word' id='word_1_275' title='bbox 624 1848 810 1894; x_wconf 92' lang='lat' dir='ltr'>ideoque</span> <span class='ocrx_word' id='word_1_276' title='bbox 822 1848 1030 1886; x_wconf 90' lang='lat' dir='ltr'>Cometas</span> <span class='ocrx_word' id='word_1_277' title='bbox 1042 1859 1133 1885; x_wconf 91' lang='lat' dir='ltr'>non</span> <span class='ocrx_word' id='word_1_278' title='bbox 1145 1849 1190 1885; x_wconf 92' lang='lat' dir='ltr'>in</span> <span class='ocrx_word' id='word_1_279' title='bbox 1200 1847 1410 1885; x_wconf 88' lang='lat' dir='ltr'>AEtherea</span> <span class='ocrx_word' id='word_1_280' title='bbox 1422 1847 1583 1885; x_wconf 86' lang='lat' dir='ltr'>Mundi</span> <span class='ocrx_word' id='word_1_281' title='bbox 1595 1847 1800 1895; x_wconf 91' lang='lat' dir='ltr'>Regione,</span> <span class='ocrx_word' id='word_1_282' title='bbox 1812 1845 1882 1884; x_wconf 88' lang='lat' dir='ltr'>sed</span> <span class='ocrx_word' id='word_1_283' title='bbox 1893 1845 2021 1894; x_wconf 86' lang='lat' dir='ltr'>longe</span> <span class='ocrx_word' id='word_1_284' title='bbox 2058 1857 2091 1884; x_wconf 76' lang='lat'>³0</span> 
     </span>
     <span class='ocr_line' id='line_1_32' title="bbox 374 1900 2078 1948; baseline 0 -10"><span class='ocrx_word' id='word_1_285' title='bbox 374 1900 486 1938; x_wconf 81' lang='lat' dir='ltr'>infra</span> <span class='ocrx_word' id='word_1_286' title='bbox 497 1901 668 1938; x_wconf 88' lang='lat' dir='ltr'>Lunam</span> <span class='ocrx_word' id='word_1_287' title='bbox 678 1902 805 1938; x_wconf 79' lang='lat' dir='ltr'>Aeris</span> <span class='ocrx_word' id='word_1_288' title='bbox 817 1901 1105 1938; x_wconf 90' lang='lat' dir='ltr'>Elementaris</span> <span class='ocrx_word' id='word_1_289' title='bbox 1116 1900 1235 1939; x_wconf 89' lang='lat' dir='ltr'>sedes</span> <span class='ocrx_word' id='word_1_290' title='bbox 1247 1912 1475 1948; x_wconf 86' lang='lat' dir='ltr'>occupare,</span> <span class='ocrx_word' id='word_1_291' title='bbox 1488 1901 1770 1939; x_wconf 87' lang='lat' dir='ltr'>necessarium</span> <span class='ocrx_word' id='word_1_292' title='bbox 1781 1900 1916 1943; x_wconf 82' lang='lat' dir='ltr'>duxit,</span> <span class='ocrx_word' id='word_1_293' title='bbox 1928 1909 2021 1947; x_wconf 87' lang='lat' dir='ltr'>per·</span> <span class='ocrx_word' id='word_1_294' title='bbox 2058 1906 2078 1938; x_wconf 58' lang='grc' dir='ltr'>τ’</span> 
     </span>
     <span class='ocr_line' id='line_1_33' title="bbox 375 1952 2022 2002; baseline -0.001 -11"><span class='ocrx_word' id='word_1_295' title='bbox 375 1954 640 2001; x_wconf 89' lang='lat' dir='ltr'>suadereque</span> <span class='ocrx_word' id='word_1_296' title='bbox 665 1960 846 1992; x_wconf 88' lang='lat' dir='ltr'>conatus</span> <span class='ocrx_word' id='word_1_297' title='bbox 870 1954 936 1992; x_wconf 87' lang='lat' dir='ltr'>est.</span> <span class='ocrx_word' id='word_1_298' title='bbox 962 1954 1008 1992; x_wconf 94' lang='lat' dir='ltr'>Id</span> <span class='ocrx_word' id='word_1_299' title='bbox 1031 1961 1180 1992; x_wconf 92' lang='lat' dir='ltr'>tamen</span> <span class='ocrx_word' id='word_1_300' title='bbox 1201 1954 1328 2002; x_wconf 90' lang='lat' dir='ltr'>longe</span> <span class='ocrx_word' id='word_1_301' title='bbox 1350 1954 1475 1992; x_wconf 89' lang='lat' dir='ltr'>aliter</span> <span class='ocrx_word' id='word_1_302' title='bbox 1495 1953 1535 1992; x_wconf 92' lang='lat' dir='ltr'>se</span> <span class='ocrx_word' id='word_1_303' title='bbox 1556 1954 1732 1997; x_wconf 84' lang='lat' dir='ltr'>habere,</span> <span class='ocrx_word' id='word_1_304' title='bbox 1754 1952 1792 1991; x_wconf 68' lang='grc' dir='ltr'>ἃ</span> <span class='ocrx_word' id='word_1_305' title='bbox 1814 1952 2022 1991; x_wconf 86' lang='lat' dir='ltr'>Cometas</span> 
     </span>
     <span class='ocr_line' id='line_1_34' title="bbox 375 2005 2022 2055; baseline 0 -11"><span class='ocrx_word' id='word_1_306' title='bbox 375 2010 504 2044; x_wconf 87' lang='lat' dir='ltr'>etiam</span> <span class='ocrx_word' id='word_1_307' title='bbox 526 2009 639 2044; x_wconf 86' lang='lat' dir='ltr'>intra</span> <span class='ocrx_word' id='word_1_308' title='bbox 661 2007 777 2045; x_wconf 92' lang='lat' dir='ltr'>Coeli</span> <span class='ocrx_word' id='word_1_309' title='bbox 798 2007 915 2054; x_wconf 90' lang='lat' dir='ltr'>septa</span> <span class='ocrx_word' id='word_1_310' title='bbox 935 2010 1167 2054; x_wconf 88' lang='lat' dir='ltr'>procreari,</span> <span class='ocrx_word' id='word_1_311' title='bbox 1190 2007 1329 2045; x_wconf 88' lang='lat' dir='ltr'>Libris</span> <span class='ocrx_word' id='word_1_312' title='bbox 1350 2007 1628 2055; x_wconf 88' lang='lat' dir='ltr'>sequentibus</span> <span class='ocrx_word' id='word_1_313' title='bbox 1647 2018 1670 2045; x_wconf 91' lang='lat' dir='ltr'>e</span> <span class='ocrx_word' id='word_1_314' title='bbox 1689 2008 1792 2045; x_wconf 91' lang='lat' dir='ltr'>ratis</span> <span class='ocrx_word' id='word_1_315' title='bbox 1809 2005 2022 2045; x_wconf 91' lang='lat' dir='ltr'>Obserua-</span> 
     </span>
     <span class='ocr_line' id='line_1_35' title="bbox 375 2059 2021 2108; baseline -0.001 -11"><span class='ocrx_word' id='word_1_316' title='bbox 375 2060 564 2097; x_wconf 88' lang='lat' dir='ltr'>tionibus</span> <span class='ocrx_word' id='word_1_317' title='bbox 595 2062 699 2098; x_wconf 89' lang='lat' dir='ltr'>citra</span> <span class='ocrx_word' id='word_1_318' title='bbox 730 2072 909 2098; x_wconf 92' lang='lat' dir='ltr'>omnem</span> <span class='ocrx_word' id='word_1_319' title='bbox 939 2060 1276 2108; x_wconf 88' lang='lat' dir='ltr'>refragationem</span> <span class='ocrx_word' id='word_1_320' title='bbox 1307 2060 1586 2099; x_wconf 90' lang='lat' dir='ltr'>Geometrice</span> <span class='ocrx_word' id='word_1_321' title='bbox 1617 2059 2021 2098; x_wconf 83' lang='lat' dir='ltr'>demonstrabimus.</span> 
     </span>
     <span class='ocr_line' id='line_1_36' title="bbox 377 2113 2092 2162; baseline -0.001 -12"><span class='ocrx_word' id='word_1_322' title='bbox 377 2113 531 2159; x_wconf 88' lang='lat' dir='ltr'>Neque</span> <span class='ocrx_word' id='word_1_323' title='bbox 549 2120 777 2160; x_wconf 88' lang='lat' dir='ltr'>propterea</span> <span class='ocrx_word' id='word_1_324' title='bbox 795 2113 984 2161; x_wconf 87' lang='lat' dir='ltr'>sequitur</span> <span class='ocrx_word' id='word_1_325' title='bbox 997 2113 1140 2152; x_wconf 87' lang='lat' dir='ltr'>Stellae</span> <span class='ocrx_word' id='word_1_326' title='bbox 1159 2115 1228 2160; x_wconf 93' lang='lat' dir='ltr'>(de</span> <span class='ocrx_word' id='word_1_327' title='bbox 1242 2126 1330 2161; x_wconf 91' lang='lat' dir='ltr'>qua</span> <span class='ocrx_word' id='word_1_328' title='bbox 1342 2126 1460 2152; x_wconf 92' lang='lat' dir='ltr'>nunc</span> <span class='ocrx_word' id='word_1_329' title='bbox 1473 2114 1660 2162; x_wconf 90' lang='lat' dir='ltr'>agimus)</span> <span class='ocrx_word' id='word_1_330' title='bbox 1673 2114 2022 2161; x_wconf 83' lang='lat' dir='ltr'>Apparitionem.</span> <span class='ocrx_word' id='word_1_331' title='bbox 2059 2123 2092 2150; x_wconf 72' lang='lat'>35</span> 
     </span>
     <span class='ocr_line' id='line_1_37' title="bbox 377 2165 2023 2215; baseline 0.001 -13"><span class='ocrx_word' id='word_1_332' title='bbox 377 2178 465 2203; x_wconf 93' lang='lat' dir='ltr'>non</span> <span class='ocrx_word' id='word_1_333' title='bbox 492 2167 588 2212; x_wconf 90' lang='lat' dir='ltr'>plus</span> <span class='ocrx_word' id='word_1_334' title='bbox 614 2169 834 2204; x_wconf 89' lang='lat' dir='ltr'>continere</span> <span class='ocrx_word' id='word_1_335' title='bbox 861 2170 1178 2214; x_wconf 82' lang='lat' dir='ltr'>praerogatiuae,</span> <span class='ocrx_word' id='word_1_336' title='bbox 1205 2179 1341 2214; x_wconf 89' lang='lat' dir='ltr'>quam</span> <span class='ocrx_word' id='word_1_337' title='bbox 1362 2167 1574 2215; x_wconf 87' lang='lat' dir='ltr'>Vulgares</span> <span class='ocrx_word' id='word_1_338' title='bbox 1596 2167 1818 2210; x_wconf 88' lang='lat' dir='ltr'>Cometas,</span> <span class='ocrx_word' id='word_1_339' title='bbox 1841 2172 1917 2204; x_wconf 90' lang='lat' dir='ltr'>aut</span> <span class='ocrx_word' id='word_1_340' title='bbox 1939 2165 2023 2203; x_wconf 89' lang='lat' dir='ltr'>illis</span> 
     </span>
     <span class='ocr_line' id='line_1_38' title="bbox 377 2218 2022 2269; baseline 0.001 -13"><span class='ocrx_word' id='word_1_341' title='bbox 377 2220 738 2265; x_wconf 69' lang='lat' dir='ltr'>aequiparandam</span> <span class='ocrx_word' id='word_1_342' title='bbox 756 2221 847 2261; x_wconf 69' lang='lat' dir='ltr'>essez</span> <span class='ocrx_word' id='word_1_343' title='bbox 866 2220 1075 2267; x_wconf 86' lang='lat' dir='ltr'>siquidem</span> <span class='ocrx_word' id='word_1_344' title='bbox 1093 2221 1175 2258; x_wconf 90' lang='lat' dir='ltr'>hoc</span> <span class='ocrx_word' id='word_1_345' title='bbox 1193 2221 1332 2263; x_wconf 88' lang='lat' dir='ltr'>Sidus,</span> <span class='ocrx_word' id='word_1_346' title='bbox 1351 2221 1591 2269; x_wconf 90' lang='lat' dir='ltr'>plurimum</span> <span class='ocrx_word' id='word_1_347' title='bbox 1604 2232 1629 2259; x_wconf 92' lang='lat' dir='ltr'>a</span> <span class='ocrx_word' id='word_1_348' title='bbox 1642 2220 1838 2259; x_wconf 89' lang='lat' dir='ltr'>Cometis</span> <span class='ocrx_word' id='word_1_349' title='bbox 1854 2218 2022 2258; x_wconf 80' lang='lat' dir='ltr'>differe-</span> 
     </span>
     <span class='ocr_line' id='line_1_39' title="bbox 377 2271 2023 2321; baseline 0.001 -12"><span class='ocrx_word' id='word_1_350' title='bbox 377 2273 458 2312; x_wconf 86' lang='lat' dir='ltr'>bat.</span> <span class='ocrx_word' id='word_1_351' title='bbox 481 2284 579 2309; x_wconf 90' lang='lat' dir='ltr'>cum</span> <span class='ocrx_word' id='word_1_352' title='bbox 598 2273 755 2310; x_wconf 88' lang='lat' dir='ltr'>Forma</span> <span class='ocrx_word' id='word_1_353' title='bbox 773 2273 872 2320; x_wconf 84' lang='lat' dir='ltr'>ipsa.</span> <span class='ocrx_word' id='word_1_354' title='bbox 892 2285 978 2320; x_wconf 90' lang='lat' dir='ltr'>qua</span> <span class='ocrx_word' id='word_1_355' title='bbox 995 2274 1186 2320; x_wconf 90' lang='lat' dir='ltr'>reliquas</span> <span class='ocrx_word' id='word_1_356' title='bbox 1203 2274 1358 2312; x_wconf 89' lang='lat' dir='ltr'>Stellas</span> <span class='ocrx_word' id='word_1_357' title='bbox 1375 2274 1548 2321; x_wconf 92' lang='lat' dir='ltr'>prorsus</span> <span class='ocrx_word' id='word_1_358' title='bbox 1564 2273 1869 2315; x_wconf 76' lang='lat' dir='ltr'>aemulabatur.</span> <span class='ocrx_word' id='word_1_359' title='bbox 1891 2271 2023 2310; x_wconf 83' lang='lat' dir='ltr'>nullis</span> 
     </span>
     <span class='ocr_line' id='line_1_40' title="bbox 377 2325 2023 2375; baseline 0.002 -14"><span class='ocrx_word' id='word_1_360' title='bbox 377 2325 565 2362; x_wconf 88' lang='lat' dir='ltr'>crinibus</span> <span class='ocrx_word' id='word_1_361' title='bbox 579 2326 711 2363; x_wconf 89' lang='lat' dir='ltr'>vllam</span> <span class='ocrx_word' id='word_1_362' title='bbox 725 2328 768 2363; x_wconf 90' lang='lat' dir='ltr'>in</span> <span class='ocrx_word' id='word_1_363' title='bbox 782 2333 948 2373; x_wconf 89' lang='lat' dir='ltr'>partem</span> <span class='ocrx_word' id='word_1_364' title='bbox 966 2326 1140 2369; x_wconf 79' lang='lat' dir='ltr'>diffusis,</span> <span class='ocrx_word' id='word_1_365' title='bbox 1158 2334 1250 2364; x_wconf 86' lang='lat' dir='ltr'>tum</span> <span class='ocrx_word' id='word_1_366' title='bbox 1263 2327 1355 2365; x_wconf 92' lang='lat' dir='ltr'>Situ</span> <span class='ocrx_word' id='word_1_367' title='bbox 1368 2330 1551 2366; x_wconf 88' lang='lat' dir='ltr'>immoto</span> <span class='ocrx_word' id='word_1_368' title='bbox 1564 2334 1695 2375; x_wconf 89' lang='lat' dir='ltr'>atque</span> <span class='ocrx_word' id='word_1_369' title='bbox 1707 2325 2023 2366; x_wconf 85' lang='lat' dir='ltr'>Scintillatione</span> 
     </span>
     <span class='ocr_line' id='line_1_41' title="bbox 377 2384 2092 2424; baseline -0.002 -9"><span class='ocrx_word' id='word_1_370' title='bbox 377 2384 596 2424; x_wconf 86' lang='lat' dir='ltr'>perpetua.</span> <span class='ocrx_word' id='word_1_371' title='bbox 2059 2389 2092 2416; x_wconf 70' lang='grc' dir='ltr'><strong>ω</strong></span> 
     </span>
    </p>

    <p class='ocr_par' dir='ltr' id='par_1_7' title="bbox 377 2431 2078 2535">
     <span class='ocr_line' id='line_1_42' title="bbox 432 2431 2024 2481; baseline 0.002 -14"><span class='ocrx_word' id='word_1_372' title='bbox 432 2431 478 2468; x_wconf 83' lang='lat' dir='ltr'>Et</span> <span class='ocrx_word' id='word_1_373' title='bbox 501 2434 706 2477; x_wconf 90' lang='lat' dir='ltr'>quamuis</span> <span class='ocrx_word' id='word_1_374' title='bbox 723 2431 969 2469; x_wconf 77' lang='lat' dir='ltr'>Aristoteles</span> <span class='ocrx_word' id='word_1_375' title='bbox 991 2433 1116 2473; x_wconf 76' lang='lat' dir='ltr'>dicat,</span> <span class='ocrx_word' id='word_1_376' title='bbox 1138 2433 1192 2470; x_wconf 91' lang='lat' dir='ltr'>ab</span> <span class='ocrx_word' id='word_1_377' title='bbox 1209 2433 1422 2481; x_wconf 82' lang='lat' dir='ltr'>AEgyptijs</span> <span class='ocrx_word' id='word_1_378' title='bbox 1443 2433 1813 2476; x_wconf 85' lang='lat' dir='ltr'>animaduersum.</span> <span class='ocrx_word' id='word_1_379' title='bbox 1835 2432 2024 2470; x_wconf 87' lang='lat' dir='ltr'>Planetis</span> 
     </span>
     <span class='ocr_line' id='line_1_43' title="bbox 377 2485 2078 2535; baseline 0.001 -15"><span class='ocrx_word' id='word_1_380' title='bbox 377 2486 506 2521; x_wconf 85' lang='lat' dir='ltr'>etiarn</span> <span class='ocrx_word' id='word_1_381' title='bbox 521 2496 843 2531; x_wconf 86' lang='lat' dir='ltr'>nonnunquam</span> <span class='ocrx_word' id='word_1_382' title='bbox 855 2488 995 2522; x_wconf 87' lang='lat' dir='ltr'>crines</span> <span class='ocrx_word' id='word_1_383' title='bbox 1008 2486 1217 2532; x_wconf 88' lang='lat' dir='ltr'>quosdam</span> <span class='ocrx_word' id='word_1_384' title='bbox 1230 2486 1457 2529; x_wconf 83' lang='lat' dir='ltr'>adhaefisse.</span> <span class='ocrx_word' id='word_1_385' title='bbox 1471 2487 1599 2535; x_wconf 89' lang='lat' dir='ltr'>seque</span> <span class='ocrx_word' id='word_1_386' title='bbox 1612 2490 1657 2525; x_wconf 90' lang='lat' dir='ltr'>in</span> <span class='ocrx_word' id='word_1_387' title='bbox 1667 2487 1800 2526; x_wconf 84' lang='lat' dir='ltr'>Stella</span> <span class='ocrx_word' id='word_1_388' title='bbox 1809 2486 1865 2525; x_wconf 91' lang='lat' dir='ltr'>ad</span> <span class='ocrx_word' id='word_1_389' title='bbox 1875 2485 2023 2524; x_wconf 84' lang='lat' dir='ltr'>Coxas</span> <span class='ocrx_word' id='word_1_390' title='bbox 2059 2492 2078 2522; x_wconf 63' lang='grc' dir='ltr'><strong>τ</strong></span> 
     </span>
    </p>
   </div>
   <div class='ocr_carea' id='block_1_3' title="bbox 1912 2537 2020 2586">
    <p class='ocr_par' dir='ltr' id='par_1_8' title="bbox 1912 2537 2020 2586">
     <span class='ocr_line' id='line_1_44' title="bbox 1912 2537 2020 2586; baseline 0 0"><span class='ocrx_word' id='word_1_391' title='bbox 1912 2537 2020 2586; x_wconf 84' lang='lat' dir='ltr'>Syrij</span> 
     </span>
    </p>
   </div>
  </div>
 </body>
</html>
