2243 3225
364 210 440 248 380
736 203 1188 244 ASTRONOMIAE
1210 198 1631 240 INSTAURATAE

363 315 461 352 dem
473 313 805 360 Argumentatio
822 312 867 348 in
882 309 1137 347 Aristotelea
1149 307 1308 346 Schola
1324 306 1574 348 informato,
1592 309 1722 352 atque
1739 304 1800 342 illi
1816 309 2004 342 tantum-

362 367 493 405 modo
515 364 811 412 acquiescenti,
835 363 933 401 satis
953 361 1189 409 probabilis
1210 360 1441 403 videretur,
1464 369 1620 396 verum
1642 369 1710 396 res
1732 357 1861 405 longe
1882 357 2006 396 aliter

362 421 400 457 se
422 419 562 457 habet.
586 418 698 464 Quae
720 419 838 454 enim
859 418 903 453 in
921 415 1094 453 Coelesti
1112 415 1315 462 Regione,
1336 412 1426 460 post
1446 412 1500 449 ab
1521 412 1645 449 initio
1666 410 1877 448 diuinitus
1897 410 2005 458 plas-

361 479 479 510 mata
496 471 655 508 Mundi
671 469 845 507 visibilis
862 469 1063 516 Corpora
1078 469 1241 511 omnia,
1260 471 1418 514 praeter
1433 464 1578 503 solitas
1595 464 1780 502 Naturae
1796 463 1911 512 leges
1926 465 2005 501 mi-

361 524 552 563 raculose
576 523 815 570 aliquando
839 521 1032 565 existunt,
1057 532 1109 558 ea
1132 522 1263 558 etiam
1286 523 1498 567 perpetuo
1521 518 1692 561 durare,
1716 522 1848 564 atque
1869 522 2004 555 extre-

360 589 482 616 mum
499 577 659 614 Mundi
679 578 902 613 interitum
923 572 1162 621 expectare,
1184 573 1307 611 nulla
1323 577 1442 620 vrget
1458 571 1688 609 necessitas,
1710 570 1794 609 Sed
1809 570 1944 608 veluti
1960 572 2007 608 in

360 631 587 677 Temporis
604 630 763 667 incoati
780 628 930 675 aliquo
946 627 1092 665 medio
1108 629 1377 674 inceperunt,
1394 625 1448 663 fic
1465 635 1642 672 quoque
1659 629 1760 662 ante
1775 623 2007 671 Temporis

361 684 793 725 consummationem,
825 683 948 719 cuius
974 680 1270 727 Horologium
1297 681 1343 716 in
1369 677 1544 717 Coelelti
1569 677 1784 715 Machina
1814 676 2006 721 consistit,

361 737 494 774 finem
510 735 696 783 adipisci,
714 736 910 782 apprime
927 733 1269 771 consentaneum
1286 732 1352 770 est.

414 789 632 836 Quicquid
649 790 766 826 enim
783 794 939 835 praeter
955 786 1181 824 consuetas
1197 786 1382 824 Naturae
1399 785 1514 832 leges
1530 784 1777 822 inordinate
1795 782 1941 828 existit,
1962 783 2006 821 id

361 854 536 890 quoque
557 842 706 890 ijsdem
726 852 817 878 non
838 840 892 878 est
913 838 1163 884 subiectum,
1185 839 1256 877 sed
1277 844 1399 877 extra
1417 848 1572 876 eorum
1587 848 1793 875 normam
1809 836 1932 874 suam
1947 835 2005 875 se-

360 896 487 933 orfim
498 895 679 933 absoluit
691 894 933 941 periodum,
947 905 1026 931 nec
1038 895 1097 931 ita
1109 893 1184 931 diu
1196 893 1334 931 durat.
1347 890 1738 939 Quemadmodum
1748 892 1880 928 etiam
1889 889 2005 928 vide-

361 961 458 986 mus
474 951 519 986 in
535 950 598 996 ijs,
616 959 715 995 quae
732 946 964 984 monstrose
980 948 1026 984 in
1042 946 1125 984 hac
1136 945 1331 984 inferiori
1343 951 1502 983 natura
1513 949 1811 991 procreantur,
1827 943 1903 981 illa
1914 954 2006 981 non

361 1003 434 1040 diu
455 1001 743 1049 perseuerare,
764 1011 1085 1047 nunquamque
1106 1000 1308 1043 aliorum,
1330 1010 1431 1046 quae
1452 997 1654 1036 aemulari
1671 996 1886 1041 videntur,
1903 996 2004 1034 Ter-

360 1058 530 1092 minum
547 1053 802 1092 naturaliter
819 1053 1106 1097 constitutum,
1123 1053 1294 1100 assequi.

414 1108 617 1146 Mirabile
638 1110 765 1155 igitur
785 1109 929 1154 potius
951 1106 1005 1144 est
1022 1106 1248 1145 ascititiam
1265 1105 1444 1144 Stellam
1460 1106 1506 1142 in
1522 1103 1702 1142 AEthere
1718 1103 1929 1141 Altissimo
1945 1103 2006 1141 vl·

360 1168 423 1199 tra
448 1163 663 1208 integrum
688 1161 873 1198 Annum
897 1162 943 1197 in
967 1165 1089 1198 tanta
1115 1159 1311 1198 Coelestis
1337 1158 1499 1196 Mundi
1524 1158 1815 1196 concitatione
1842 1162 2006 1204 tanque

360 1214 523 1252 efficaci
550 1214 712 1252 Solaris
737 1219 868 1261 atque
894 1213 1128 1251 Stellarum
1153 1213 1353 1250 Luminis
1374 1212 1440 1255 Vi,
1470 1213 1701 1249 immotam
1726 1209 1943 1248 constitisse
1968 1209 2007 1248 8(

360 1268 612 1315 perdurasse‚
635 1279 769 1314 quam
790 1267 908 1314 quod
929 1267 1145 1304 diminuta
1164 1266 1388 1304 successiue
1410 1265 1486 1303 esse
1507 1263 1685 1303 deflerit.
1707 1263 1802 1302 Nec
1819 1265 1938 1302 enim
1953 1274 2007 1301 ex

359 1322 469 1359 adeo
482 1319 708 1368 compacta
720 1320 757 1358 8(
769 1321 824 1358 ad
836 1322 1169 1367 perpetuitatem
1182 1319 1448 1357 constantem
1460 1317 1650 1356 exaltata
1661 1318 1859 1361 materia,
1875 1322 2006 1364 atque

360 1374 413 1411 est
430 1374 699 1421 reliquarum
711 1373 944 1412 Stellarum
961 1373 1255 1421 compositam,
1272 1371 1515 1410 verosimile
1533 1371 1600 1415 en,
1616 1376 1660 1408 vt
1672 1371 1727 1409 ob
1738 1370 1782 1408 id
1793 1370 2007 1418 paulatim

359 1427 662 1465 alterationem
687 1433 818 1474 atque
844 1426 1191 1465 consumtionem
1216 1426 1404 1464 senserit:
1430 1425 1565 1463 veluti
1586 1420 1823 1474 vi-ssdemus
1847 1425 1893 1461 in
1918 1434 2006 1461 me·

358 1481 511 1518 tallicis
535 1480 789 1528 corporibus
811 1480 960 1518 Terrae
983 1480 1215 1519 visceribus
1238 1481 1452 1528 ingenitis,
1480 1477 1739 1517 Coelestibus
1761 1477 1846 1515 illis
1867 1476 2007 1515 multa

360 1546 411 1572 ex
435 1540 554 1581 parte
579 1534 792 1582 analogis;
817 1534 1023 1581 quaedam
1046 1536 1105 1571 vti
1126 1535 1302 1571 Aurum
1323 1532 1361 1570 &
1381 1533 1626 1580 Argentum
1649 1531 1874 1579 depurata,
1897 1532 2007 1579 ignis

359 1588 612 1625 violentiam
629 1587 882 1625 diuturnam
898 1587 1112 1630 sustinere,
1129 1587 1299 1634 reliqua
1315 1598 1421 1624 vero
1437 1588 1612 1623 minora
1627 1585 1682 1623 ab
1699 1596 1752 1622 eo
1768 1583 2006 1628 consumta,

359 1643 403 1678 in
420 1640 591 1678 fumum
607 1641 738 1683 abire,
756 1641 886 1688 idque
904 1653 1021 1678 nunc
1039 1643 1175 1685 citius,
1192 1652 1310 1678 nunc
1326 1640 1505 1683 tardius,
1522 1644 1611 1676 vtvt
1623 1640 1775 1676 omnia
1786 1649 1840 1676 ex
1851 1637 2007 1676 eadem

359 1696 499 1741 prima
516 1694 704 1732 constent
720 1696 915 1737 materia,
933 1693 1002 1732 sed
1017 1706 1108 1732 non
1120 1696 1165 1732 in
1177 1694 1351 1742 fingulis
1364 1693 1592 1741 aequaliter
1603 1691 1772 1740 digesta.
1788 1696 2007 1729 maturata

358 1754 488 1794 atque
504 1747 727 1795 graduata.

412 1800 535 1838 Nihil
556 1803 682 1848 igitur
703 1803 810 1839 noui
831 1800 897 1844 est,
920 1801 948 1838 fi
970 1801 1073 1848 quid
1095 1803 1202 1839 noui
1223 1803 1268 1838 in
1286 1800 1417 1839 Coelo
1438 1805 1595 1847 praeter
1613 1809 1897 1836 communem
1913 1809 2006 1836 cur-

362 1854 453 1891 sum
470 1855 622 1901 prodit,
640 1854 745 1892 illud
763 1854 923 1892 ibidem
938 1857 1069 1892 etiam
1081 1866 1171 1892 non
1183 1853 1512 1895 inueterascere,
1530 1852 1741 1900 siquidem
1752 1851 1807 1890 ad
1819 1851 2007 1898 reliquo-

363 1919 458 1944 rum
483 1907 734 1945 Coelestium
761 1908 1012 1955 Corporum
1038 1907 1349 1955 perfectionem
1374 1906 1449 1955 ipsi
1475 1906 1650 1944 Mundo
1677 1904 2008 1944 condurabilem

362 1972 450 1997 non
468 1960 512 1998 sit
529 1961 890 1999 consummatum.
909 1961 976 1999 Sic
994 1973 1170 2009 quoque
1187 1961 1305 2008 quod
1318 1961 1527 1999 Colorem
1544 1959 1722 1998 subinde
1738 1959 1928 2001 mutarit.
1945 1959 2008 1995 ni-

362 2013 423 2050 hil
444 2013 582 2056 refert,
605 2026 704 2051 cum
726 2014 753 2051 si
776 2015 1123 2052 extraordinario
1145 2017 1190 2052 in
1208 2014 1337 2053 Coelo
1358 2016 1542 2061 corpori.
1564 2014 1808 2060 procreatio
1825 2011 1915 2059 ipsa
1930 2013 2008 2049 mi-

363 2067 556 2104 raculosa
573 2068 708 2109 detur,
726 2067 850 2105 facile
868 2067 905 2105 8(
922 2068 1005 2105 hoc
1022 2068 1201 2106 concedi
1218 2069 1384 2116 poterit.

416 2120 534 2165 Quin
548 2120 584 2157 8(
597 2132 675 2167 pro
691 2123 933 2159 mutatione
951 2122 1276 2169 magnitudinis,
1294 2120 1682 2166 decrescentiaeque
1699 2119 1879 2157 luminis
1893 2117 2008 2156 colo-

363 2185 453 2210 rem
476 2174 658 2211 alterare
681 2175 838 2211 necesse
860 2174 1024 2217 habuit.
1048 2187 1099 2212 ex
1122 2187 1209 2222 quo
1231 2186 1322 2212 non
1344 2175 1503 2221 vbique
1525 2176 1569 2211 in
1591 2173 1746 2210 eadem
1767 2173 2009 2219 quantitate

364 2226 653 2273 Corporisque
675 2227 975 2274 compactione
997 2228 1308 2275 perseuerauit;
1333 2227 1425 2275 Ipsa
1449 2229 1629 2265 maioris
1650 2226 1719 2264 vel
1742 2226 1925 2263 minoris
1945 2224 2009 2262 lu·

364 2282 492 2316 minis
505 2279 802 2327 conspectione
816 2281 980 2328 aliquid
993 2281 1078 2319 huc
1091 2282 1288 2324 faciente,
1306 2281 1542 2328 praesertim
1555 2280 1610 2318 ob
1622 2281 1750 2317 Aeris
1763 2278 2007 2326 intermedij

363 2332 692 2379 dispositionem,
711 2346 810 2380 quae
828 2346 917 2371 non
935 2335 1140 2372 omnibus
1158 2337 1201 2372 in
1219 2335 1337 2376 locis.
1358 2333 1614 2382 singulisque
1631 2332 1923 2380 Temporibus
1940 2342 2009 2370 ea-

363 2386 461 2422 dem
484 2389 629 2427 extitit.
652 2386 763 2424 visus
785 2390 914 2425 etiam
937 2390 1139 2426 acumine
1159 2388 1256 2435 alijs
1273 2395 1403 2435 atque
1420 2388 1517 2435 alijs
1534 2385 1842 2434 spectatoribus
1859 2384 2009 2423 discre-

364 2441 558 2486 pantiam
575 2440 769 2486 aliquam
788 2440 1045 2488 suggerente.
1066 2442 1272 2488 Hincque
1290 2440 1450 2480 sactum
1468 2440 1535 2484 en,
1552 2447 1594 2478 vt
1613 2442 1657 2477 in
1669 2439 1857 2477 multum
1869 2438 2010 2476 dissitis

364 2493 468 2529 locis
490 2495 619 2530 etiam
642 2493 788 2540 ijsdem
806 2494 1094 2541 Temporibus
1117 2507 1206 2532 non
1229 2495 1382 2533 eadem
1402 2494 1574 2542 prorsus
1591 2493 1766 2532 Coloris
1782 2490 1969 2530 tinctura
1983 2502 2010 2530 a

1832 2543 2010 2583 diuerfis

2047 796 2077 822 10

2046 1063 2076 1088 15

2031 1430 2094 1462 410

2044 1597 2077 1622 25
