2243 3225
373 190 449 229 348
746 179 1200 222 ASTRONOMIAE
1221 176 1643 216 INSTAURATAE

426 295 585 333 Citima
601 302 704 329 vero
722 290 921 328 Eleuatio
938 287 1051 325 infra
1067 286 1235 329 Polum,
1253 286 1331 322 erit
1347 289 1454 331 part.
1467 283 1530 321 20.
1545 281 1570 330 l.
1583 283 1642 327 9⁷5,
1659 294 1760 330 quae
1777 284 1908 321 etiam
1924 295 2015 322 om-

373 351 495 386 nium
512 346 780 391 reliquarum
796 341 991 379 medium
1008 340 1183 381 obtinet,
1200 338 1297 375 licet
1313 348 1389 384 per
1405 336 1445 374 se
1462 336 1705 374 earundem
1720 338 1958 384 perexigua
1970 336 2017 375 fit

373 394 857 489 dffxfletrgffiffihnEleuafio
874 446 966 484 Poli
983 448 1028 483 in
1044 445 1141 483 loco
1159 456 1246 491 quo
1263 443 1334 481 hae
1347 442 1687 481 Obseruationes
1704 443 1892 481 obtentae
1908 442 2016 488 sunt,
2041 449 2100 482 361

373 504 519 544 exac‘te
541 502 831 551 cognoscatur,
853 499 1076 538 annotabo
1098 500 1230 536 etiarn
1251 496 1532 544 quarundam
1552 496 1762 534 Fixarum
1783 495 2017 534 Stellarum
2054 509 2070 534 ⁵

373 557 756 604 circumpolarium
772 554 810 591 &
826 565 917 591 non
934 552 1226 590 occidentium
1238 550 1503 588 Altitudines
1517 551 1736 587 maximas
1748 548 1786 586 &
1797 551 2017 594 minimas,

373 612 527 650 eodem
544 609 800 656 Quadrante
818 609 930 645 circa
946 607 1120 643 initium
1137 605 1258 641 Anni
1275 603 1369 641 1573
1386 607 1598 650 acceptas,
1619 602 1784 650 quales,
1803 604 1914 641 inter
1931 602 2017 642 Ob-

372 665 637 703 seruationes
656 674 681 700 a
699 659 926 708 saepedidto
944 658 1134 697 Consule
1154 656 1393 695 Hainzelio
1413 655 1523 694 mihi
1543 655 1812 700 transmissas‚
1833 658 2017 704 reperio.

372 719 516 765 Atque
533 717 634 754 hinc
647 715 739 753 Poli
755 713 1061 751 sublimitatem
1077 716 1277 749 accurate
1295 709 1499 753 rimabor,
1516 711 1728 748 reiteratis
1739 709 1907 757 aliquot
1918 711 2018 748 vici-

372 772 464 814 bus,
488 769 697 817 liquidem
717 768 800 805 hoc
821 767 876 805 ad
897 768 958 804 rei
980 776 1115 812 quarn
1136 763 1404 802 intendimus
1428 763 1753 807 enodationem,
1777 762 2019 801 admodum
2059 774 2089 800 ιο

373 824 418 862 fit
434 824 724 861 necessariurn.

374 926 861 969 OBSERUATIONES
884 923 1240 964 STELLARUM
1263 922 1666 970 QUARUNDAM
1688 922 2019 962 CIRCUMPO·

468 989 701 1029 LARIUM
723 986 1069 1027 GEGGINGAE
1090 985 1274 1024 PROPE
1294 984 1641 1024 AUGUSTAM
1661 984 1924 1023 VINDELI-

585 1051 801 1090 CORUM
824 1049 1082 1092 HABITAE,
1103 1048 1214 1086 PRO
1237 1047 1622 1095 INQUIRENDA
1643 1047 1808 1091 ILLIC,

927 1111 1058 1150 POLI
1079 1109 1463 1149 ALTITUDINE.
2062 1120 2092 1146 15

676 1308 820 1348 steuae
837 1308 1003 1346 Polaris
1020 1307 1105 1344 An.
1133 1279 1366 1379 {fflffi‘ffij
1438 1279 1488 1370 {⁵5¹

676 1388 906 1436 Vtriusque
923 1387 1169 1425 differentia

677 1442 890 1480 Distantia
907 1441 1051 1479 Stellae
1068 1452 1094 1478 a
1110 1440 1217 1478 Polo
2061 1448 2095 1474 20

676 1496 874 1533 Altitudo
890 1494 983 1532 Poli
1000 1494 1179 1542 quaefita

430 1604 547 1642 Hinc
564 1608 755 1651 apparet,
773 1602 953 1641 Stellam
967 1602 1169 1640 Polarem
1184 1607 1287 1638 tunc
1303 1601 1512 1647 temporis
1529 1599 1704 1637 distitisse
1721 1611 1747 1637 a
1763 1598 1870 1637 Polo
1886 1597 2024 1647 gradi·
2062 1604 2082 1635 †

376 1659 455 1696 bus
476 1657 622 1699 tribus,
645 1668 732 1694 vna
753 1668 853 1694 cum
874 1661 1030 1703 quarta
1050 1656 1208 1692 minuti
1229 1659 1363 1701 parte.
1386 1665 1521 1700 quam
1541 1664 1623 1690 nos
1640 1652 1786 1700 postea
1801 1652 2025 1690 successiue

377 1711 607 1759 paululum
624 1710 726 1748 huic
743 1709 1103 1757 appropinquasse
1121 1709 1446 1749 adinuenimus,
1463 1707 1576 1744 adeo
1588 1712 1631 1744 vt
1645 1706 1923 1754 sequentibus
1934 1705 2025 1743 An-

377 1767 444 1802 nis
465 1766 577 1802 circa
599 1775 752 1801 eorum
773 1765 959 1805 initium.
983 1762 1115 1800 talem
1137 1762 1385 1803 obtinuerit,
1407 1760 1462 1798 ab
1483 1759 1573 1807 ipso
1594 1759 1701 1798 Polo
1722 1761 2025 1802 remotionem.
2064 1769 2096 1795 25

378 1823 504 1865 prout
520 1817 627 1855 saltu
644 1828 720 1864 per
736 1822 973 1864 quaternos
990 1817 1146 1853 Annos
1163 1813 1287 1858 fafio.
1305 1816 1395 1852 iam
1411 1813 1714 1852 indicabimus.
1732 1809 1747 1863 ΙΙ

494 1923 817 1962 DISTANTIA
839 1922 1179 1962 CYNOSURAE
1201 1920 1447 1960 NOSTRIS
1468 1918 1914 1959 INSTRUMENTIS
2051 1923 2114 1956 362

901 1984 1255 2024 OBSERUATA
1277 1984 1317 2021 A
1339 1983 1506 2022 POLO.

1271 2081 1297 2106 P.

1081 2154 1175 2192 1577
1270 2153 1294 2191 2
1373 2153 1424 2191 58
1489 2152 1540 2191 50
2065 2159 2098 2187 ³0

1082 2206 1176 2298 {23}
1271 2206 1295 2297 Ξ
1490 2206 1541 2297 ³13

1084 2313 1177 2351 1589
1272 2313 1295 2350 2
1374 2313 1424 2351 54
1491 2313 1542 2351 50

437 2421 504 2458 Sic
522 2423 629 2457 meis
647 2421 845 2467 Organis.
868 2432 919 2458 ex
942 2432 1029 2467 quo
1051 2423 1094 2457 in
1113 2420 1226 2457 hanc
1245 2420 1434 2458 Insulam
1451 2421 1650 2467 migraui.
1672 2419 1910 2466 quotannis
1926 2415 2030 2455 senfi

385 2474 583 2511 Polarcm
601 2473 777 2511 Stellam
797 2474 1009 2511 Declinat.
1028 2485 1199 2520 augere.
1218 2473 1479 2520 propiusque
1497 2473 1602 2510 Polo
1619 2472 1837 2513 accedere.
1859 2470 1971 2509 adeo
1987 2475 2030 2507 vt
2067 2480 2100 2506 ³5

1857 2522 2031 2572 singulis
