2164 3246
90 795 121 822 10

89 1063 119 1089 15

97 1268 118 1300 †

83 1330 118 1357 20

400 194 1060 234 PROGYMNASMATUM
1083 197 1390 238 SECUNDA
1412 201 1563 240 PARS
1735 204 1811 243 377

159 306 308 340 autem
317 311 616 348 nequaquam,
626 300 696 339 vel
706 308 818 339 certe
830 304 1067 341 minimum
1076 310 1207 352 atque
1217 307 1432 345 rarissime.
1446 308 1496 346 Et
1506 308 1558 347 fic
1569 310 1620 348 de
1631 314 1809 350 caeteris.

160 354 274 402 Quae
285 353 388 392 sane
401 354 659 402 Opticorum
672 356 786 393 circa
798 354 1167 395 Scintillationum
1184 359 1359 398 causam
1375 361 1703 408 speculationes,
1720 377 1811 403 non

158 407 347 446 totaliter
362 419 456 446 rem
472 408 690 455 expedire,
706 407 977 456 fingulasque
995 410 1259 450 obiectiones
1273 413 1533 453 sufficienter
1545 429 1808 464 praecauere.

158 463 362 499 innuunt.

211 515 325 553 Fieri
336 516 484 562 itaque
496 514 641 562 potest,
659 514 844 563 idipsum
857 517 976 563 quod
988 518 1169 564 quidam
1180 519 1389 559 Veterum
1401 522 1809 572 philosophantium

158 567 472 612 existimabant,
498 579 590 606 non
614 568 727 606 adeo
753 580 779 607 a
804 571 866 607 rei
892 572 1070 608 veritate
1097 572 1310 611 absonum
1336 575 1424 617 esse,
1456 576 1583 615 Fixas
1609 579 1809 617 videlicet

158 621 313 660 Stellas
329 623 443 660 circa
457 623 636 669 propria
652 621 817 660 Centra
837 630 1048 670 perpetuo
1066 628 1386 675 circumgyrari‚
1409 636 1538 677 atque
1555 631 1608 669 fic
1625 643 1700 679 per
1717 644 1808 670 mo-

156 676 323 713 tionem
347 674 463 713 hanc
488 677 830 723 appropriatam,
857 678 903 714 in
923 678 1038 715 Aere
1062 680 1322 718 intermedio
1346 682 1709 723 diuaricationem
1732 686 1807 724 ali-

157 739 293 776 quam
303 727 592 776 spectantibus
602 728 839 777 suggerere.
853 730 1055 769 Planetas
1067 739 1215 770 autem
1227 736 1340 772 circa
1352 739 1528 783 propria
1542 738 1705 777 Centra
1717 752 1807 777 non

156 781 383 820 reuolutos
404 782 540 829 (quod
561 781 600 820 8(
619 782 808 821 maculae
829 783 969 822 Lunae
990 784 1064 823 fibi
1084 785 1251 833 semper
1271 787 1428 827 similes
1450 792 1494 828 in
1516 803 1568 829 ea
1589 804 1679 829 non
1700 792 1806 835 fieri,

156 835 318 874 indicio
329 835 442 882 sunt)
454 835 732 874 solummodo
744 837 944 875 circulari
956 841 1107 883 motui,
1120 851 1196 886 per
1209 842 1604 882 circumferentiam
1616 845 1806 893 respec‘lu

156 894 375 928 certorum
387 888 667 934 Centrorum,
683 891 885 934 intentos,
903 890 1016 929 hisce
1033 891 1346 933 scintillationis
1363 897 1613 946 accidentijs
1628 911 1718 937 non
1731 901 1806 937 esse

157 942 385 987 obnoxios,
402 942 481 981 nisi
497 949 715 991 quatenus
731 955 808 991 per
824 956 1041 992 vaporum
1052 947 1215 984 Aerem
1229 950 1549 988 incrassantium
1562 951 1805 991 fludiuanti-

156 1007 321 1044 umque
341 996 726 1044 interpositionem,
750 998 793 1035 id
816 1009 1142 1046 nonnunquam
1164 1004 1351 1045 eueniat.
1376 1015 1518 1051 neque
1541 1008 1673 1044 etiam
1694 1007 1805 1049 ideo,

156 1049 320 1088 diutius
335 1050 472 1094 duret,
490 1062 626 1098 quam
641 1050 910 1098 vaporofitas
926 1052 1002 1090 illa
1018 1053 1242 1100 dissipetur.

208 1104 268 1142 At
279 1103 644 1142 Scintillationem
658 1106 704 1142 in
718 1104 860 1143 Stellis
872 1105 988 1143 Fixis
1005 1118 1096 1144 non
1112 1106 1261 1145 saltem
1279 1109 1333 1147 ob
1350 1110 1392 1147 id
1409 1114 1670 1160 contingere,
1688 1115 1806 1160 quod

155 1168 232 1205 per
246 1157 411 1196 Aerem
430 1163 615 1202 motum,
637 1157 809 1196 Lumen
830 1170 984 1197 earum
1005 1159 1060 1197 ad
1081 1172 1162 1198 nos
1182 1161 1386 1206 vibretur.
1411 1164 1469 1209 (vt
1491 1165 1542 1202 de
1565 1168 1692 1213 igneo
1713 1167 1806 1205 Ele-

155 1215 305 1249 mento
325 1211 445 1259 quod
465 1209 665 1249 fictitium
686 1211 753 1255 est,
775 1211 887 1250 nihil
903 1212 1063 1259 dicam)
1084 1213 1154 1252 sed
1171 1215 1269 1253 ideo
1287 1227 1476 1264 quoque,
1498 1222 1710 1265 quoniam
1731 1233 1807 1268 per

156 1263 336 1303 Coelum
351 1264 626 1303 vallissimum
641 1271 853 1313 perpetuo
871 1265 909 1303 8(
926 1266 1162 1311 celerrime,
1184 1269 1418 1308 vniuersali
1435 1273 1615 1310 circuitu
1632 1274 1805 1312 reuolu-

153 1323 260 1363 tum,
281 1317 443 1356 Forma
463 1318 641 1357 illarum
661 1319 717 1357 ad
738 1330 820 1357 nos
840 1319 1120 1367 transpareat,
1141 1322 1384 1361 verosimile
1407 1324 1472 1362 est.
1496 1325 1612 1364 Licet
1634 1329 1752 1365 enim
1769 1328 1806 1366 8(

154 1370 340 1410 illaevna
350 1373 738 1421 circumgyrantur,
750 1378 899 1411 tamen
911 1374 966 1411 ob
977 1373 1267 1421 Diaphanum
1279 1378 1587 1416 intermedium
1600 1383 1805 1419 continue

153 1430 337 1470 motum,
358 1425 490 1473 idque
511 1425 683 1464 diuersa
702 1427 831 1464 Aeris
854 1427 1090 1474 interpositi
1112 1431 1359 1476 agitatione,
1384 1431 1554 1470 Lumen
1576 1444 1729 1472 earum
1751 1435 1805 1472 ad

65 1485 130 1518 405
153 1489 236 1517 nos
251 1475 267 1529 ΙΙ
281 1478 519 1518 scintillans
534 1490 611 1527 per
624 1479 917 1518 vibrationem
934 1481 1160 1528 quandam
1176 1488 1306 1530 atque
1324 1484 1687 1524 diuaricationem
1704 1499 1804 1525 ocu-

83 1599 118 1624 25

84 2133 117 2159 35

153 1531 219 1570 los
239 1532 445 1580 percellit.
467 1532 560 1572 Cur
580 1539 730 1571 tamen
750 1535 796 1571 in
812 1534 1001 1572 Planetis
1022 1534 1207 1582 idipsum
1225 1537 1379 1574 eadem
1396 1538 1447 1575 de
1465 1539 1593 1578 causa
1610 1552 1699 1578 non
1716 1541 1804 1579 vbi-

154 1597 240 1634 que
252 1591 467 1631 cernatur,
484 1586 630 1625 adhuc
646 1587 961 1635 inexplicatum
973 1595 1133 1632 manet,
1149 1589 1226 1626 nisi
1244 1590 1303 1636 (vt
1315 1597 1444 1629 antea
1457 1593 1662 1639 diximus)
1677 1594 1804 1633 Fixas

153 1641 267 1678 circa
277 1641 456 1688 propria
467 1640 632 1679 Centra
643 1652 771 1689 gyros
783 1641 955 1685 ducere,
969 1643 1206 1680 concedere
1219 1643 1421 1686 velimus:
1440 1645 1643 1688 Errantes
1656 1655 1803 1686 autem

152 1704 245 1731 non
263 1695 380 1732 item.
399 1693 598 1742 Jdeoque
619 1694 830 1742 quasdam
851 1694 1006 1733 Stellas
1029 1695 1138 1742 plus.
1163 1697 1373 1743 quasdam
1394 1701 1540 1737 minus
1560 1699 1802 1742 scintillare.

152 1752 282 1794 prout
298 1749 738 1796 circumgyrationem
755 1748 878 1786 illam
894 1751 1032 1796 magis
1049 1752 1264 1787 concitent
1281 1758 1355 1788 aut
1371 1754 1602 1791 remittant.

206 1799 374 1838 Verum
383 1800 430 1839 fit
441 1801 757 1849 qualiscunque
769 1802 872 1840 velit
884 1802 1024 1845 causa,
1038 1814 1113 1840 cur
1125 1802 1270 1841 Stellae
1280 1804 1311 1841 F
1314 1807 1398 1842 ixae
1412 1805 1581 1844 Lumen
1594 1815 1803 1855 perpetua

153 1853 456 1893 scintillatione
479 1855 661 1899 vibrent,
687 1855 880 1894 Planetae
903 1862 1053 1894 autem
1076 1857 1279 1895 rarissime
1306 1858 1441 1905 (quod
1465 1871 1581 1897 nunc
1605 1861 1801 1899 decidere

153 1919 246 1946 non
264 1907 550 1955 intendimus)
571 1908 656 1947 hoc
675 1915 825 1947 tamen
844 1911 949 1947 citra
966 1921 1144 1947 omnem
1160 1911 1560 1958 tergiuersationem
1576 1913 1802 1953 fatendum

153 1962 309 1999 merito
326 1963 416 2006 erit,
436 1961 617 2000 Stellam
633 1962 748 2001 hanc
765 1963 958 2006 Nouam,
976 1965 1190 2010 quoniam
1207 1964 1521 2004 Scintillatione
1540 1970 1748 2006 continua
1765 1968 1801 2006 8(

154 2025 219 2059 ea,
240 2015 455 2062 quamdiu
475 2015 819 2064 conspiciebatur
840 2016 1157 2064 perseuerante,
1179 2029 1270 2055 non
1290 2017 1439 2056 saltem
1457 2019 1628 2058 Affixas
1649 2021 1802 2060 Stellas

153 2067 417 2114 imitabatur,
433 2068 504 2107 sed
516 2068 554 2107 8(
566 2081 653 2113 eas,
670 2069 907 2117 praesertim
924 2070 977 2108 ab
994 2072 1118 2108 initio
1135 2070 1217 2108 hac
1229 2071 1428 2110 Luminis
1440 2074 1682 2112 vibratione
1700 2087 1802 2112 exu-

153 2122 326 2170 perarit,
347 2133 440 2160 non
459 2122 576 2161 suisse
597 2125 711 2161 intra
731 2123 829 2161 illos
847 2123 963 2161 Coeli
978 2123 1149 2167 limites,
1171 2125 1329 2171 quibus
1345 2125 1505 2173 septem
1522 2127 1802 2166 Planetarum

154 2175 459 2214 circulationes
488 2176 950 2224 compraehenduntur‚
984 2177 1053 2215 sed
1084 2178 1201 2225 apud
1231 2180 1528 2218 remotissimas
1559 2181 1803 2220 Inerrantes

154 2227 308 2267 Stellas
328 2229 558 2274 constitisse,
580 2230 768 2277 ideoque
789 2231 966 2277 passioni
988 2230 1103 2273 huic,
1125 2232 1272 2278 quoad
1294 2232 1668 2273 Scintillationem.
1694 2235 1802 2273 [imi—

153 2281 250 2320 liter
265 2293 366 2320 cum
382 2283 466 2321 illis
483 2282 598 2321 fuisse
616 2284 868 2322 obnoxiam.

201 2335 223 2381 J
227 2335 607 2376 MMOBILITAS
623 2339 848 2384 praeterea,
866 2349 954 2384 qua
970 2344 1181 2385 perpetuo
1193 2341 1239 2376 in
1251 2340 1407 2377 eodem
1421 2340 1536 2378 Coeli
1548 2341 1658 2383 loco,
1676 2342 1803 2380 instar

83 2399 118 2426 4ο
153 2388 425 2436 reliquarum
449 2390 659 2429 Fixarum
687 2390 921 2429 Stellarum
950 2392 1217 2435 morabatur,
1248 2392 1464 2431 sufficiens
1490 2394 1802 2433 Testimonium

153 2442 350 2489 praebuit,
372 2454 472 2482 eam
492 2443 636 2482 sedem
657 2456 834 2492 quoque
856 2456 956 2482 cum
975 2444 1058 2482 illis
1076 2456 1359 2484 communem
1377 2448 1607 2486 detinuisse.
1631 2448 1747 2486 Nam
1765 2449 1800 2486 &

154 2494 353 2534 Cometae
375 2502 465 2535 vtvt
488 2499 620 2536 etiam
643 2500 689 2535 in
710 2497 889 2536 AEthere
914 2497 1027 2536 infra
1050 2504 1198 2536 tamen
1223 2498 1439 2538 Odiauam
1461 2501 1688 2591 Sphaeraxsn
1710 2513 1800 2538 ver-

259 2557 293 2583 ⁴8
1667 2562 1800 2594 ante-5.
