2243 3225
410 206 461 244 96
784 199 1238 240 ASTRONOMIAE
1259 196 1681 237 INSTAURATAE

695 306 839 345 VSUS
860 303 1353 344 PRAECEDENTIUM
1373 302 1767 341 TABULARUM.
2076 310 2134 343 112

484 363 500 399 I
517 362 654 399 Radix
670 360 856 398 alicuius
871 359 1073 406 ingressus
1089 363 1194 395 nota
1209 356 1349 401 fuerit,
1363 362 1407 394 vt
1419 355 1649 394 exhibetur
1659 358 1706 393 in
1716 357 1860 403 prima
1869 355 2053 401 Tabula,

500 415 555 452 ad
575 416 698 451 initia
718 415 850 450 trium
866 411 1124 450 Seculorum
1140 408 1331 457 respectu
1352 409 1621 457 fingulorum
1637 408 1884 456 signorum,
1905 420 2054 456 quaere

409 470 564 506 Annos
582 466 831 513 completos,
853 465 909 503 ad
925 475 1036 511 quos
1052 463 1363 501 restitutionem
1379 462 1492 501 Solis
1508 461 1736 506 defideras‚
1757 464 1803 500 in
1818 464 1961 510 prima
1976 461 2054 500 Re-

409 521 689 559 uolutionum
704 518 887 561 Tabula,
905 517 1067 564 duplici
1084 516 1130 563 (fi
1146 516 1392 554 excesserint
1403 516 1525 553 Anni
1541 526 1778 553 numerum
1793 515 1862 561 20)
1877 514 1976 553 vsus
1991 517 2054 553 in·
2091 524 2107 550 ⁵

409 576 552 616 troitu,
576 572 613 609 &
636 571 710 609 sub
732 571 863 619 Signo
885 571 1148 617 competenti
1167 570 1369 607 inuenies
1389 568 1603 607 horarum
1624 568 1662 606 &
1682 570 1957 606 minutorum
1976 579 2055 606 nu-

408 637 565 670 meros,
586 627 771 672 tempori
788 624 959 662 Radicis
974 623 1141 670 semper
1159 622 1397 666 addendos,
1416 627 1460 660 vt
1478 621 1637 660 constet
1654 621 1767 660 hora
1782 621 1820 659 &
1835 623 2056 659 minutum

409 679 695 722 restitutionis,
709 676 883 716 abiectis
892 676 1059 723 semper
1068 676 1131 719 24,
1145 675 1191 722 (fi
1200 674 1295 713 fieri
1303 674 1452 722 potest)
1462 680 1676 722 tanquam
1685 673 1914 722 superfluis
1923 673 2056 719 horis,

410 732 447 770 &
463 731 690 770 retinendo
709 732 907 778 proxime
925 729 1096 767 Radicis
1112 728 1257 773 Diem,
1279 730 1403 766 cuius
1425 730 1557 766 etiam
1577 727 1823 776 periculum
1839 739 1862 766 e
1878 739 2056 776 compu-

409 791 497 824 tato
514 785 611 823 loco
627 784 739 822 Solis
755 783 897 822 facere
913 782 1067 820 licebit.
2096 789 2126 815 10

462 838 614 876 Altera
629 837 812 884 sequens
827 835 1000 874 Tabula
1015 835 1132 873 idem
1148 834 1375 882 praestabit,
1393 834 1430 873 &
1446 839 1534 873 tarn
1553 835 1606 873 de
1622 834 1707 872 Die
1724 845 1860 882 quam
1875 833 2005 873 Hora
2020 833 2058 872 81

410 892 586 929 Minuto
604 890 907 928 Reuolutionis
928 890 1130 927 reiterato
1152 890 1452 935 experimento
1473 887 1736 931 certificabit,
1757 887 1842 926 hoc
1862 887 2058 926 adhibito

409 945 676 992 operationis
696 948 859 981 tenore.
882 942 925 980 Si
942 943 1063 979 Anni
1085 941 1289 989 completi
1309 941 1572 979 reuoluendi
1592 941 1730 979 diuidi
1748 941 1914 988 possunt
1929 952 2006 989 per
2021 941 2058 985 4,

409 1000 468 1035 ita
483 1003 527 1035 vt
543 996 653 1034 nihil
669 996 824 1034 refidui
839 1001 1029 1039 maneat,
1046 1000 1164 1033 vtere
1179 994 1330 1033 saltem
1345 994 1428 1033 hac
1445 994 1535 1042 ipsa
1545 994 1718 1032 Tabula
1729 994 1767 1032 &
1778 994 1912 1032 horas
1928 998 2058 1042 atque

409 1053 579 1088 minuta
599 1051 742 1087 Annis
763 1048 1001 1096 completis,
1024 1048 1100 1086 sub
1121 1047 1266 1086 debito
1287 1048 1420 1096 Signo
1441 1047 1826 1095 correspondentes
1847 1052 2058 1095 perpetuo
2098 1055 2127 1081 ¹⁵

410 1103 533 1142 aufer
545 1115 572 1141 a
581 1108 777 1150 tempore
790 1102 978 1145 Radicis;
993 1101 1046 1140 fic
1059 1104 1178 1140 enim
1189 1101 1315 1140 facile
1328 1100 1534 1139 constabit
1545 1100 1850 1139 Reuolutionis
1861 1111 2058 1139 momen-

409 1162 514 1194 tum.
532 1156 608 1194 Sin
624 1161 772 1194 autem
788 1155 955 1203 aliquid
971 1154 1225 1193 remanserit
1235 1155 1347 1193 vltra
1363 1156 1693 1202 quaternariam
1704 1153 2059 1198 distributionem,

410 1209 590 1247 inferius
612 1207 800 1247 subiecta
818 1208 1002 1247 Tabella
1022 1219 1134 1256 opus
1155 1210 1245 1246 erit.
1266 1208 1376 1246 Vide
1397 1209 1544 1255 itaque
1566 1219 1624 1246 an
1642 1208 1802 1245 Annus
1823 1207 1995 1245 Radicis
2014 1205 2060 1245 fit

409 1263 624 1306 bisextilis,
642 1268 717 1300 aut
733 1267 893 1310 quotus
909 1273 1097 1300 numero
1113 1261 1203 1309 post
1218 1261 1537 1305 intercalarem,
1555 1260 1593 1298 &
1608 1260 1754 1309 postea
1769 1259 2061 1299 nihilominus

410 1316 676 1363 superiorem
696 1315 915 1353 Tabulam
937 1315 1164 1363 ingredere
1187 1326 1288 1353 cum
1308 1315 1452 1352 Annis
1474 1314 1650 1358 vltimis,
1674 1315 1750 1362 qui
1772 1325 1849 1362 per
1871 1319 2061 1361 quatuor
2095 1320 2128 1346 2⁰

411 1368 599 1407 distribui
618 1369 796 1416 possunt,
818 1368 1063 1416 colligendo
1079 1368 1214 1406 horas
1229 1374 1361 1415 atque
1377 1367 1578 1415 scrupula
1594 1369 1646 1416 ijs
1663 1367 2059 1415 correspondentia;

410 1434 486 1470 per
507 1422 724 1460 residuum
744 1433 863 1467 vero,
885 1421 1003 1469 quod
1024 1421 1192 1470 semper
1213 1421 1268 1460 est
1288 1422 1315 1465 l,
1337 1421 1361 1459 2
1377 1421 1447 1459 vel
1462 1421 1499 1465 3,
1522 1420 1696 1459 consule
1717 1420 1902 1459 alteram
1916 1419 2060 1458 inseri-

411 1487 533 1513 orem
548 1475 788 1520 Tabellam,
808 1475 891 1513 hac
907 1474 1103 1513 adhibita
1120 1474 1302 1513 cautela.
1324 1474 1368 1513 Si
1386 1474 1526 1513 Radix
1541 1474 1669 1512 suerit
1684 1473 1900 1518 bisextilis,
1922 1473 2061 1522 aspice

412 1541 510 1567 63111
526 1534 706 1576 partem,
729 1540 829 1576 quae
846 1528 978 1567 habet
993 1528 1190 1566 Titulum
1206 1529 1327 1566 Anni
1343 1527 1564 1566 bisextilis:
1582 1528 1665 1566 Vbi
1680 1539 1786 1566 vero
1801 1529 1982 1575 primus,
2002 1526 2060 1565 se-

411 1582 581 1620 cundus
597 1582 667 1619 vel
682 1584 832 1620 tertius
848 1581 938 1629 post
952 1581 1179 1626 bisextum‚
1195 1587 1298 1620 tunc
1315 1584 1448 1619 etiam
1464 1581 1656 1619 eiusdem
1672 1580 1806 1619 Tituli
1821 1579 2061 1628 insi-ascrip·
2097 1587 2129 1613 2⁵

411 1641 477 1673 tos
493 1646 702 1673 numeros
719 1635 914 1679 obserua,
934 1635 972 1672 &
991 1647 1017 1673 a
1033 1635 1167 1673 latere
1184 1637 1402 1683 accipiens
1419 1635 1604 1672 Annum
1619 1640 1746 1672 tuum
1762 1634 2062 1672 abundantem

411 1689 521 1726 vltra
542 1691 872 1736 quaternariam
893 1688 1164 1731 diuisionem,
1186 1690 1388 1726 inuenies
1409 1688 1542 1726 horas
1563 1699 1664 1726 cum
1684 1689 1877 1731 minutis,
1901 1687 2062 1726 adden·

412 1742 489 1780 das
500 1742 570 1779 vel
582 1741 856 1786 auferendas,
871 1747 1000 1789 prout
1011 1742 1136 1780 litera
1148 1747 1359 1780 annotata
1371 1748 1532 1779 monet.
1551 1741 1683 1788 Quod
1695 1740 1724 1778 fi
1736 1740 1944 1779 ablatiuae
1955 1739 2062 1784 sunt.

412 1796 522 1833 adde
539 1796 768 1842 prioribus,
786 1797 918 1833 etiam
934 1795 1150 1839 ablatiuis,
1168 1806 1269 1843 quae
1281 1796 1425 1832 Annis
1441 1796 1734 1843 quaternarijs
1746 1793 2062 1842 competebant,

414 1848 450 1886 &
467 1848 611 1895 postea
627 1848 842 1886 summam
858 1848 983 1887 aufer
999 1860 1025 1887 a
1041 1854 1237 1896 tempore
1250 1848 1437 1887 Radicis:
1456 1848 1540 1886 Sed
1556 1847 1585 1886 si
1601 1847 1761 1886 fuerint
1777 1847 1960 1886 diuersae
1975 1846 2063 1895 spe·
2098 1853 2131 1879 ³⁰

413 1904 505 1944 ciei.
522 1901 646 1939 aufer
662 1904 808 1940 minus
825 1902 877 1940 de
894 1904 1065 1945 maiori,
1083 1901 1121 1940 &
1137 1904 1259 1940 iuxta
1270 1903 1483 1940 vincentis
1500 1903 1674 1939 numeri
1690 1907 1855 1944 notam.
1872 1900 1983 1939 adde
1994 1899 2065 1938 vel

413 1955 537 1992 aufer
559 1957 745 2002 tempori
769 1955 961 1998 radicali,
985 1961 1116 2002 atque
1140 1955 1193 1993 fic
1215 1967 1371 1993 verum
1395 1955 1700 1993 Reuolutionis
1723 1960 1906 2002 tempus,
1933 1955 2065 2002 initijs

414 2007 648 2055 Signorum
669 2008 766 2046 satis
787 2008 961 2055 praecise
985 2009 1237 2057 analogum.
1262 2008 1485 2047 conflabis.
1511 2008 1631 2046 Nam
1653 2008 1751 2046 licet
1774 2009 1920 2046 minor
1942 2006 1980 2045 &
2002 2008 2064 2045 in-

414 2060 544 2098 ferior
560 2061 741 2099 Tabella
758 2061 907 2099 saltem
924 2062 979 2100 ad
996 2063 1188 2100 mediam
1205 2063 1326 2100 Anni
1343 2064 1645 2109 quantitatem.
1665 2073 1800 2109 quam
1816 2061 2065 2099 assumimus

414 2114 524 2151 vltra
541 2115 632 2151 dies
648 2117 837 2162 integros
849 2115 960 2152 Hor.
973 2116 1008 2153 5.
1024 2113 1049 2162 l.
1063 2115 1124 2153 48.
1140 2114 1182 2162 ll.
1197 2116 1246 2154 45
1264 2115 1466 2153 ordinata
1482 2115 1540 2157 fit,
1557 2115 1744 2162 ideoque
1760 2114 1966 2152 omnibus
1977 2112 2064 2162 Sig·
2100 2119 2132 2146 ³⁵

415 2178 574 2204 norum
596 2170 831 2216 principijs,
857 2168 1093 2215 praesertim
1115 2180 1283 2211 eorum.
1309 2180 1410 2216 quae
1436 2170 1557 2206 iuxta
1577 2168 1815 2215 Tropicum
1833 2173 2065 2214 Vtrumque

415 2220 650 2263 versantur,
672 2221 742 2258 vbi
760 2222 1008 2269 Apogaeum
1026 2221 1063 2259 &
1081 2222 1323 2269 Perigaeum
1341 2221 1453 2260 Solis
1475 2224 1519 2259 in
1536 2223 1697 2259 vicinia
1718 2221 1785 2264 est.
1807 2232 1898 2259 non
1917 2221 2065 2268 exqui-

416 2273 486 2310 site
508 2273 752 2311 satisfaciat:
774 2280 921 2312 tamen
943 2286 1044 2312 cum
1065 2274 1309 2313 differentia
1331 2277 1538 2317 maxima.
1561 2286 1661 2322 quae
1678 2277 1722 2312 in
1740 2280 1781 2315 63>
1798 2273 1835 2312 ἃ
1856 2279 1881 2314 z
1901 2275 2064 2312 contin-

415 2337 512 2373 gere
535 2326 677 2373 potest.
700 2329 831 2364 etiarn
852 2330 977 2365 tertio
995 2330 1154 2374 quouis
1175 2328 1263 2375 post
1280 2328 1492 2366 bisextum
1510 2329 1657 2370 Anno.
1678 2330 1751 2365 vix
1772 2328 1876 2366 bina
1896 2329 2065 2365 minuta

416 2380 606 2421 excedat,
625 2380 734 2417 nihil
751 2380 832 2418 hac
850 2383 894 2418 in
911 2388 1031 2428 parte
1050 2381 1252 2419 sensibilis
1265 2382 1534 2419 incommodi
1547 2384 1822 2428 importatur:
1840 2380 1978 2418 Nolui
1990 2381 2065 2418 ita·
2100 2384 2132 2411 ⁴⁰

416 2444 500 2479 que
518 2432 631 2470 hanc
649 2433 876 2471 Tabellarn
893 2435 947 2471 ad
965 2437 1116 2472 omnia
1133 2434 1277 2482 Signa,
1295 2436 1413 2481 quod
1430 2435 1539 2472 aliAs
1556 2435 1806 2473 faciendum
1823 2433 1944 2476 foret.
1961 2433 2065 2472 dila·

415 2491 518 2527 1316,
536 2488 673 2533 magis
690 2487 874 2533 prolixo.
892 2499 1026 2534 quam
1044 2488 1134 2525 vtili
1152 2490 1339 2535 negotio.
1360 2485 1374 2537 ΙΙ

1704 2538 2062 2579 NOTANDUM
