2243 3225
726 193 1181 233 ASTRONOMIAE
1203 191 1625 230 INSTAURATAE

352 200 419 236 212

354 302 562 394 HAEC
587 301 933 349 praescriptarum
956 299 1189 338 Stellarum
1212 298 1321 342 loca,
1345 297 1600 335 omnimode
1623 296 1735 336 recte
1757 297 1798 336 se
1821 298 1996 343 habent,
2021 306 2085 339 209

486 355 665 402 satisque
689 359 804 391 certa
827 353 865 390 &
887 359 980 390 tuta
1000 352 1107 396 sunt,
1130 363 1209 399 pro
1231 351 1503 398 reliquarum
1522 356 1613 388 tam
1634 351 1843 389 Fixarum
1863 363 1999 399 quam

352 411 657 450 Erraticarum,
684 406 1047 454 Longitudinibus
1072 411 1203 452 atque
1227 404 1549 442 Latitudinibus
1573 415 1596 442 e
1620 404 1749 443 Coelo
1774 404 1864 452 ipso
1887 404 1998 443 scru-

351 463 504 501 tandis.

404 515 454 552 Et
471 515 675 561 quamuis
692 514 843 550 omnia
859 512 954 549 haec
971 509 1187 549 antedicta
1203 510 1258 548 ad
1273 509 1566 548 Vniuersalem
1582 510 1817 549 Stellarum
1837 511 1997 549 restitu-
2035 525 2051 550 5

351 571 515 606 tionem
527 565 913 613 superstruendam,
925 564 1111 602 solidum
1120 563 1217 601 satis
1227 569 1395 611 ponant
1403 563 1754 608 fundamentum,
1767 566 1827 602 ita
1834 570 1879 602 vt
1888 564 2000 603 nihil

351 621 539 668 amplius
549 619 778 657 desiderari
787 618 997 661 videatur,
1008 623 1157 655 tamen
1167 616 1311 654 adhuc
1320 616 1357 654 &
1365 616 1452 654 alia
1462 617 1656 664 quadam
1665 619 1999 656 ratiocinatione

351 686 426 722 per
434 672 810 721 SpicamVirginis,
820 671 1016 709 adhibita
1025 670 1154 718 ipfius
1162 670 1410 708 Latitudine
1420 675 1551 717 atque
1560 669 1867 708 Declinatione
1876 682 1999 710 more

352 727 653 774 Copernicaeo,
670 737 728 763 an
744 725 902 762 limites
918 723 964 761 hi
976 723 1228 761 Affixarum
1243 721 1356 761 reete
1373 723 1586 761 constituti
1599 722 1678 761 fint
1692 726 1891 771 experiri,
1908 736 2000 763 non

351 782 612 818 intentatum
628 778 939 825 relinquemus.
2039 789 2070 815 ιο

350 884 712 924 PRAEFINITOS
733 883 1088 922 AFFIXARUM
1110 882 1468 921 STELLARUM
1491 882 1741 927 LIMITES,
1767 883 2000 924 RESPEC-

427 947 507 986 TU
528 945 1085 993 AEQUINOCTIALIUM
1107 944 1491 983 PUNCTORUM
1511 944 1768 984 PRAECISE
1789 944 1922 983 ESSE

488 1008 836 1051 DISPOSITOS,
859 1008 892 1045 E
913 1007 1366 1046 DECLINATIONE
1388 1006 1570 1046 SPICAE
1590 1006 1865 1052 VIRGINIS,

570 1070 862 1108 ADHIBITA
884 1069 1015 1108 EIUS
1036 1069 1380 1108 VERIFICATA
1401 1069 1780 1114 LATITUDINE,

613 1132 754 1170 ALIA
771 1132 1020 1170 INSUPER
1037 1131 1302 1170 RATIONE
1320 1131 1739 1170 COMPROBARE.
2043 1144 2073 1170 ι5

443 1204 551 1242 UIN
573 1203 610 1241 &
631 1203 845 1241 beneficio
862 1203 1015 1241 Aristae
1033 1209 1094 1251 m),
1117 1215 1205 1250 qua
1221 1202 1354 1241 Stella
1369 1208 1537 1241 veteres
1557 1203 1798 1250 plurimum
1814 1202 1873 1240 vfi
1893 1202 2002 1247 sunt,

465 1259 622 1304 cuique
642 1257 719 1295 soli
741 1256 1110 1295 COPERNICVS
1130 1256 1341 1304 superiori
1360 1267 1460 1294 aeuo
1480 1255 1680 1301 confisus,
1701 1254 2002 1304 AEquinoc'tio-

351 1322 449 1348 rum
462 1311 783 1358 praecessionem
795 1310 1029 1354 ordinauit,
1046 1309 1232 1357 idipsum
1244 1309 1362 1357 quod
1374 1315 1505 1348 antea
1517 1312 1717 1357 experiri,
1729 1316 1874 1347 vtrum
1885 1309 2002 1348 vide-

350 1364 447 1401 licet
460 1364 636 1401 Lucidae
651 1370 696 1402 V
710 1363 988 1411 aliarumque
1001 1363 1281 1410 quarundam
1297 1365 1624 1411 praecipuarum
1635 1365 1749 1401 circa
1760 1363 2003 1401 Zodiacurn

351 1417 570 1461 Fixarum,
580 1416 776 1454 Termini
785 1415 1146 1464 AEquinocliales,
1158 1416 1194 1454 &
1205 1417 1260 1454 ob
1270 1417 1313 1454 id
1325 1419 1457 1454 etiam
1467 1416 1717 1455 Solstitiales
1728 1418 1806 1454 rite
1818 1415 2003 1464 dispofiti
2040 1428 2075 1454 20

350 1470 439 1513 sint,
461 1470 782 1508 attentabimus.
806 1470 872 1508 Est
892 1476 1041 1508 autem
1061 1470 1157 1507 haee
1174 1469 1307 1508 Stella
1327 1469 1430 1508 huic
1446 1472 1635 1518 negotio,
1657 1481 1748 1518 prae
1765 1471 1933 1508 caeteris
1950 1480 2003 1508 eo

351 1524 636 1567 commodior,
663 1524 781 1570 quod
807 1536 898 1561 non
921 1524 1032 1561 adeo
1055 1523 1245 1561 multum
1268 1523 1322 1561 ab
1345 1522 1629 1571 AEquinodtio
1652 1523 1916 1561 Autumnali
1938 1534 2002 1561 re-

351 1583 483 1620 mota,
496 1577 851 1615 Declinationem
862 1579 1014 1625 paucis
1026 1578 1170 1615 Annis
1182 1576 1431 1615 senfibiliter
1442 1579 1592 1619 variet,
1606 1588 1628 1615 e
1641 1588 1729 1624 qua
1741 1579 1835 1615 eius
1847 1576 2003 1625 Longi-

351 1630 547 1668 tudinem
563 1630 753 1674 scrutari,
771 1633 946 1668 animus
964 1630 1030 1668 est.

404 1685 461 1721 At
473 1686 686 1731 quoniam
698 1683 787 1722 sola
799 1684 1049 1722 Declinatio
1062 1684 1117 1721 ad
1130 1683 1476 1731 inuestigandam
1487 1683 1542 1722 ab
1553 1682 1837 1731 AEquinoctio
1848 1683 2002 1721 dissan—
2041 1695 2074 1721 25

352 1739 457 1775 tiam
478 1749 569 1774 non
590 1736 755 1781 sufficit,
777 1737 854 1775 nisi
874 1749 963 1775 vna
984 1739 1116 1775 etiarn
1137 1736 1288 1775 exacta
1307 1737 1430 1775 Latit.
1452 1739 1572 1784 prius
1594 1736 1719 1775 simul
1739 1737 1842 1775 data
1861 1736 2002 1780 fuerit,

353 1797 452 1828 ante
464 1792 614 1828 omnia
624 1793 970 1838 operaeprecium
980 1792 1058 1828 erit
1068 1790 1363 1828 Latitudinem
1376 1789 1509 1828 huius
1518 1790 1663 1828 Stellae
1675 1790 1881 1828 subtiliter
1892 1789 2002 1828 scru-

351 1846 444 1887 tari,
458 1842 694 1891 exacteque
707 1846 925 1892 cognitam
938 1841 951 1894 ΙΙ
964 1844 1156 1888 reddere,
1170 1856 1224 1882 ne
1237 1844 1488 1882 assumendo
1501 1855 1612 1887 eam,
1625 1855 1726 1891 quae
1738 1844 2003 1882 &Veteribus
2027 1849 2092 1881 210

351 1897 522 1944 prodita
546 1897 612 1939 en.
637 1899 681 1934 in
705 1897 889 1944 idipsum
913 1899 1221 1945 impingamus,
1245 1898 1363 1945 quod
1387 1897 1515 1944 supra
1536 1899 1580 1935 in
1603 1897 1943 1936 COPERNICO
1965 1896 2003 1935 &

351 1950 660 1993 WERNERO,
678 1962 768 1988 non
785 1951 1143 1998 approbauimus.
2041 1962 2074 1988 ³0

405 2003 457 2041 Vt
480 2005 606 2050 igitur
627 2004 679 2041 de
701 2003 833 2042 huius
850 2004 994 2042 Stellae
1012 2004 1260 2042 Latitudine
1282 2004 1448 2051 aliquid
1470 2006 1573 2042 certi
1590 2003 1846 2042 constituere
1864 2003 2003 2047 liceat,

352 2056 560 2103 peculiari
578 2059 760 2100 ratione,
783 2069 805 2095 e
827 2057 1009 2096 Stellula
1025 2058 1219 2104 quadam
1236 2057 1468 2099 Draconis,
1485 2060 1630 2095 vicina
1646 2057 1753 2095 Polo
1770 2057 2003 2105 Eclipticae,

353 2121 452 2156 quae
470 2112 605 2147 tertiae
623 2111 945 2157 propemodum
962 2111 1017 2148 est
1033 2112 1359 2159 magnitudinis,
1378 2111 1540 2158 suaque
1553 2111 1845 2159 Longitudine
1857 2109 2004 2148 versus

352 2162 682 2209 AEquinoc‘tium
695 2164 979 2207 Autumnale,
997 2176 1132 2211 quam
1144 2167 1343 2211 proxime
1355 2164 1502 2206 tendit,
1516 2164 1656 2211 ficque
1669 2166 1714 2202 in
1726 2164 1901 2212 Spicam
1912 2175 2004 2211 prae

353 2218 518 2253 caeteris
540 2216 645 2253 Polo
667 2217 727 2254 illi
745 2219 898 2255 vicinis
920 2218 1127 2265 dirigitur,
1150 2217 1263 2255 hanc
1281 2218 1574 2265 Pragmatiam
1595 2217 1920 2256 constituemus:
1942 2217 2002 2255 id·
2042 2229 2075 2255 35

353 2280 436 2315 que
455 2271 512 2306 ita
530 2275 571 2306 vt
589 2272 779 2316 primum
797 2270 928 2307 huius
946 2271 1089 2308 Stellae
1104 2271 1442 2318 Longitudinem
1459 2278 1590 2318 atque
1603 2271 1910 2314 Latitudinem,
1928 2281 2004 2318 per

353 2322 562 2368 quasdam
579 2323 687 2360 alias
705 2325 749 2360 in
766 2323 975 2365 Zodiaco;
994 2324 1229 2371 praesertim
1246 2324 1433 2371 Tropico
1450 2324 1616 2362 AEstiuo
1632 2326 1916 2372 propinquas.
1932 2335 2003 2361 ve·

354 2374 584 2417 rificemus,
609 2387 658 2412 ac
680 2376 836 2414 deinde
859 2388 910 2414 ex
933 2377 1014 2414 hac
1037 2376 1073 2414 &
1097 2378 1289 2424 quadam
1311 2378 1489 2415 assumta
1510 2378 1598 2416 alia
1619 2380 1740 2415 iuxta
1761 2377 2004 2415 Zodiacum

353 2427 492 2474 Spicae
512 2428 700 2475 Virginis
722 2429 1016 2467 Latitudinem
1038 2432 1260 2472 rimemur,
1282 2437 1324 2468 vt
1347 2442 1464 2468 nunc
1486 2433 1530 2468 in
1552 2431 1829 2478 sequentibus
1850 2430 2003 2468 ordine

353 2481 524 2527 patebit.
2041 2494 2075 2520 ιο

1924 2535 2004 2574 DE
