2326 3277
495 247 545 284 42
868 241 1323 281 ASTRONOMIAE
1343 238 1765 278 INSTAURATAE

546 351 750 387 Prouenit
760 351 906 395 itaque
915 360 936 385 e
944 345 1348 395 prioriinduc‘tione‚
1358 357 1457 393 quae
1465 346 1519 383 ab
1527 343 2084 392 AEquinodtijsadmedium
2092 348 2133 390 *ό
2170 353 2208 385 51

494 403 685 450 procedit
701 402 1004 439 Eccentricitas
1020 400 1108 444 ZE,
1130 400 1173 437 P.
1190 399 1226 437 2.
1245 398 1271 447 l.
1289 400 1324 437 7.
1343 397 1386 446 ll.
1403 398 1466 442 43,
1488 398 1688 445 qualium
1709 397 2041 436 Semidiameter
2061 398 2137 437 Ec-

493 457 666 493 centrici
684 454 737 491 est
754 454 820 497 60;
843 454 893 491 Et
908 455 1157 501 Apogaeum
1174 452 1218 490 H
1237 452 1349 490 cadit
1365 454 1410 489 in
1426 452 1469 489 P.
1486 452 1522 489 4.
1542 450 1567 498 l.
1585 452 1638 489 15.
1657 456 1710 492 §3-
1727 450 1778 488 In
1793 451 1930 489 altera
1945 463 2050 489 vero
2066 451 2138 489 vbi

493 508 734 545 medietatis
762 508 798 551 Ω
827 506 1011 544 habetur
1031 508 1154 549 ratio,
1177 505 1325 543 euadit
1345 506 1594 552 Apogaeum
1613 504 1656 542 P.
1673 504 1709 541 4.
1729 502 1754 551 l.
1772 504 1814 542 19
1830 510 1882 544 ἐξ.
1907 504 1958 542 Et
1979 504 2137 543 Eccen-

492 562 650 598 tricitas
671 560 747 597 ZE
768 559 823 597 est
843 560 885 597 P.
903 559 938 597 2.
958 557 983 607 l.
1000 560 1036 597 7.
1055 557 1098 607 ll.
1116 559 1178 602 44,
1203 558 1403 606 qualium
1424 558 1660 595 Eccentrici
1682 556 2014 596 Semidiameter
2034 558 2137 596 assu-
2176 567 2191 592 ⁵

491 616 623 650 mitur
638 613 700 650 60.
719 612 851 659 Quod
867 612 1181 659 inquirendum
1197 611 1515 659 proposuimus.

544 666 729 703 Inuento
742 666 825 703 hoc
837 664 961 713 pac'to
971 666 1170 713 Apogaeo
1181 664 1218 702 &
1228 665 1553 702 Eccentricitate
1564 663 1717 708 solari,
1727 664 1783 702 ad
1793 675 1962 701 annum
1971 664 2026 702 ab
2035 663 2138 702 hinc

492 718 717 756 emensum
738 718 1030 762 centesimum,
1052 718 1304 766 Simplicem
1324 717 1436 756 Solis
1456 723 1628 755 motum
1649 719 1762 755 circa
1782 723 1965 764 vtraque
1985 717 2138 765 AEqui-

492 770 636 810 noctia
655 772 937 815 addiscemus,
960 783 1150 819 eumque
1171 783 1272 809 cum
1292 771 1443 809 nostris
1461 770 1863 813 Obseruationibus‚
1886 770 1924 807 ἃ
1944 770 2047 808 hinc
2067 770 2138 808 de-

491 823 627 863 ductis
643 827 838 863 numeris
850 824 1138 869 conferemus,
1155 831 1198 862 vt
1213 824 1418 862 mensura
1429 829 1545 862 certa
1556 823 1785 870 aequabilis
1797 825 1963 861 itineris
1974 823 2139 862 Solaris
2179 832 2209 858 ιο

491 878 545 915 ab
562 880 685 915 initio
702 878 1054 925 Dodecatemorij
1076 884 1122 917 V
1141 878 1196 915 ad
1212 877 1307 915 haec
1325 877 1481 916 Secula
1497 876 1782 925 praefiniatur.

544 931 739 968 Primum
751 937 898 969 autem
910 931 1228 978 applicabimus
1235 929 1768 978 AEquinoctiumVernum
1775 930 1897 967 Anni
1904 929 2011 974 1488,
2019 930 2139 978 quod

492 984 746 1032 Noribergae
758 995 834 1031 per
845 984 957 1031 saepe
969 983 1067 1022 diffl
1080 984 1292 1022 Bernardi
1303 983 1521 1021 Waltheri
1534 985 1844 1021 annotationes
1856 982 2139 1022 Chordarum

491 1036 699 1074 distantiae
713 1039 756 1081 Θ
769 1049 795 1075 a
804 1039 975 1079 vertice.
987 1039 1170 1075 inuenio
1182 1035 1294 1075 fac‘ta
1304 1037 1497 1084 diligenti
1507 1038 1847 1080 examinatione,
1859 1035 1975 1074 fuisse
1985 1036 2135 1085 Martij
2175 1045 2195 1077 'c

491 1089 544 1127 D.
563 1090 615 1127 10.
634 1090 692 1127 H.
710 1091 762 1128 15.
782 1089 807 1137 l.
824 1090 876 1128 40
891 1090 988 1128 PM.
1007 1090 1056 1128 In
1072 1090 1215 1128 nostro
1231 1095 1380 1128 autem
1396 1090 1650 1128 Meridiano
1666 1089 1721 1127 D.
1735 1089 1788 1128 10.
1806 1090 1864 1127 H.
1878 1090 1932 1128 15.
1951 1088 1976 1137 Ι.
1993 1090 2056 1134 55,
2073 1089 2137 1128 fu-
2179 1099 2209 1124 ¹5

489 1154 588 1180 mus
600 1145 718 1180 enim
730 1154 810 1181 nos
822 1155 898 1190 per
910 1143 1200 1190 quadrantem
1212 1142 1335 1181 horae
1345 1145 1544 1190 proxime
1554 1143 1800 1190 Noriberga
1809 1143 2137 1181 Orientaliores.

490 1195 586 1233 Fuit
596 1198 714 1233 enim
727 1198 770 1240 Θ
782 1202 884 1234 tunc
895 1198 1102 1244 temporis
1111 1208 1216 1234 vero
1227 1202 1266 1234 et
1275 1202 1514 1244 apparente
1524 1195 1603 1234 [itu
1612 1198 1658 1234 in
1667 1195 1757 1244 ipso
1769 1198 1983 1244 principio
1995 1202 2056 1241 V,
2067 1195 2139 1235 sed

733 1252 796 1301 Α
1128 1249 1367 1288 secundum
1379 1249 1526 1287 cursus
1538 1249 1836 1296 aequalitatem
1847 1249 1890 1287 P.
1900 1249 1937 1287 2.
1951 1248 1977 1297 l.
1990 1251 2017 1288 l.
2031 1248 2075 1298 ll.
2087 1249 2138 1288 35

1129 1305 1336 1341 anterior:
1349 1314 1456 1341 nam
1466 1308 1587 1341 tanta
1599 1302 1746 1341 euadit
1755 1302 2139 1350 Prosthaphaerefis

1132 1358 1175 1401 Θ
1190 1358 1236 1394 in
1245 1355 1528 1404 AEquinoetio
1537 1356 1699 1400 Verno,
1715 1362 1759 1394 vt
1774 1362 1891 1404 patet
1905 1367 1958 1394 ex
1970 1355 2139 1395 adiecta
2175 1364 2209 1390 20

1128 1409 1298 1458 Figura,
1316 1412 1362 1447 in
1378 1421 1466 1457 qua
1477 1409 1681 1458 Angulus
1698 1409 1828 1448 BCD
1845 1409 1900 1447 est
1911 1409 1954 1448 P.
1966 1409 2030 1448 94.
2044 1408 2070 1457 Ι.
2083 1410 2138 1453 15,

1127 1474 1204 1510 per
1220 1463 1465 1501 distantiam
1480 1465 1589 1511 initij
1608 1469 1669 1505 V,
1686 1463 1770 1501 loci
1786 1464 1878 1501 veri
1893 1464 1936 1507 Θ
1951 1462 2007 1501 ab
2018 1463 2138 1511 Apo-

1127 1527 1223 1564 gaeo
1244 1518 1290 1554 in
1307 1517 1348 1556 43
1370 1522 1411 1557 63>
1431 1518 1553 1564 prius
1573 1518 1770 1560 inuento,
1791 1518 1989 1564 cognitus
2009 1515 2076 1560 est,
2098 1522 2138 1554 et

1128 1569 1225 1614 DC,
1237 1569 1543 1608 Eccentricitas
1555 1575 1779 1617 comperta
1789 1569 1924 1614 35481,
1937 1569 2138 1618 qualium
2175 1578 2196 1609 -1-

779 1594 1025 1666 K
1128 1622 1170 1660 D
1179 1623 1213 1661 B
1230 1623 1421 1666 1000000;
1439 1623 1627 1670 ideoque
1639 1623 1767 1661 datur
1778 1623 1982 1671 Angulus
1993 1622 2137 1667 DBc,
2175 1631 2208 1656 2⁵

1062 1653 1098 1690 Β
1552 1678 1558 1684 .
1598 1678 1604 1684 .
1780 1678 1786 1684 .
2009 1678 2016 1685 .

778 1660 1045 1867 ν
1127 1672 2138 1777 Εῄὲέὲὲὲὶῖὲᾝεῖςὲῑῑὲὲῖὲῑξὲεξὲὲιξέἓῂἐ·
2171 1736 2212 1768 ⁵2

1127 1785 1157 1820 it
1166 1785 1314 1830 itaque
1323 1789 1426 1820 tunc
1436 1783 1615 1830 simplex
1625 1782 1738 1821 Solis
1748 1783 1830 1831 Sig.
1842 1784 1886 1821 ll.
1898 1783 1953 1822 G.
1961 1783 2024 1822 58.
2036 1781 2062 1831 Ι.
2072 1782 2135 1822 25.

1180 1836 1312 1874 Nunc
1322 1836 1378 1874 ad
1386 1838 1571 1874 Annum
1580 1836 1801 1874 labentem
1808 1836 1915 1880 1588,
1923 1836 2137 1875 idemten-

753 1877 797 1914 Ε
1127 1890 1328 1933 tabimus,
1347 1890 1502 1928 eadem
1514 1892 1860 1928 ratiocinationis
1872 1888 2138 1928 indufflone.
2176 1897 2211 1924 ³0

488 1942 588 1980 Hoc
609 1944 743 1980 Anno
765 1954 787 1980 e
808 1944 995 1991 proprijs
1018 1942 1256 1991 ijsdemque
1280 1945 1493 1981 accuratis
1515 1943 1907 1982 Obseruationibus
1927 1943 2139 1982 adinueni

487 1996 634 2034 Solem
647 1998 807 2034 intrare
819 1995 1030 2043 puncium
1042 1995 1308 2045 AEquinodtij
1318 1997 1466 2039 Verni.
1480 1997 1628 2045 Martij
1645 1996 1729 2035 Die
1741 1997 1777 2035 9.
1791 1997 1849 2035 H.
1862 1997 1925 2035 20.
1939 1995 1965 2044 l.
1978 1997 2029 2035 45
2040 1996 2138 2035 PM.

488 2049 870 2096 Pronhaphaerefis
891 2061 995 2087 vero
1016 2049 1211 2088 ablatiua
1232 2049 1287 2087 est
1307 2049 1546 2088 secundum
1563 2051 1812 2098 Apogaeum
1829 2050 1867 2088 &
1884 2050 2139 2089 Eccentrici-

487 2109 618 2140 tatem
631 2114 657 2140 a
668 2103 794 2140 nobis
811 2103 866 2140 ad
883 2102 1000 2140 hunc
1013 2104 1198 2140 Annum
1214 2103 1487 2141 constitutam
1500 2104 1542 2141 P.
1555 2104 1590 2141 2.
1606 2102 1631 2150 l.
1644 2103 1680 2141 2.
1695 2102 1738 2151 ll.
1751 2104 1818 2146 35:
1836 2115 1941 2142 nam
1958 2105 2003 2142 in
2019 2110 2138 2142 ante-

487 2156 665 2193 cedente
688 2155 965 2203 Figuratione
987 2156 1190 2204 Angulus
1212 2156 1354 2198 DCB,
1379 2156 1449 2194 hic
1473 2157 1528 2195 est
1549 2157 1591 2194 P.
1609 2157 1671 2195 95.
1691 2156 1716 2205 l.
1734 2157 1797 2199 30.
1822 2157 1859 2195 &
1883 2157 2017 2195 Latus
2037 2155 2138 2200 DC.
2176 2164 2210 2190 3⁵

487 2209 629 2251 35840.
656 2209 854 2255 qualium
881 2209 980 2250 DB.
1007 2210 1201 2247 1000000:
1230 2210 1342 2258 Ergo
1368 2210 1515 2248 euadit
1542 2211 1744 2258 Angulus
1771 2209 1918 2252 DBC,
1944 2209 2138 2249 Prol'tha·

487 2261 700 2308 phaerefin
722 2269 849 2309 prout
871 2263 958 2300 dixi
981 2262 1250 2304 mensurans.
1272 2263 1310 2300 &
1331 2275 1407 2310 per
1428 2263 1710 2311 consequens.
1732 2263 1760 2301 fi
1781 2263 1899 2302 hunc
1920 2263 2138 2302 abstuleri-

487 2326 585 2352 mus
602 2327 627 2352 a
644 2326 747 2352 vero
770 2315 865 2352 loco
883 2315 994 2353 Solis
1012 2318 1055 2353 in
1073 2316 1162 2363 ipso
1185 2317 1364 2363 ingressu
1383 2323 1428 2356 V
1448 2317 1686 2360 constituto,
1708 2319 1938 2365 proueniet
1959 2316 2139 2365 fimplex

488 2367 616 2415 ipfius
632 2368 686 2405 ad
704 2375 874 2415 tempus
891 2369 1054 2409 datum.
1073 2369 1155 2416 Sig.
1174 2370 1217 2406 11.
1236 2369 1276 2406 P.
1295 2369 1357 2407 27.
1378 2369 1402 2416 Ι.
1421 2371 1482 2408 57.
1503 2369 1545 2416 ll.
1563 2370 1625 2408 25.

541 2420 697 2458 Deficit
718 2433 818 2469 ergo
838 2424 882 2459 in
902 2422 1042 2459 nostra
1062 2422 1377 2460 obseruatione
1397 2435 1534 2461 vnum
1556 2423 1730 2470 praecise
1749 2423 2000 2472 scrupulum
2018 2422 2137 2471 quod
2175 2430 2209 2456 ⁴⁰

487 2473 560 2511 Sol
577 2474 722 2511 medio
740 2477 891 2512 itinere
909 2475 1065 2517 transit,
1084 2478 1127 2512 in
1143 2476 1192 2513 25
1205 2478 1402 2523 proxime
1420 2479 1599 2514 minutis
1616 2479 1824 2524 temporis
1841 2478 2002 2525 (neque
2019 2478 2137 2515 enim

487 2529 530 2564 in
549 2527 743 2565 Horatio
765 2527 894 2566 ductu
917 2528 1093 2575 simplex
1111 2529 1223 2566 Solis
1245 2528 1342 2567 satis
1365 2529 1553 2572 exactus,
1571 2530 1639 2568 vel
1657 2542 1679 2568 e
1696 2533 1816 2578 prius
1836 2531 2015 2568 assumta
2030 2531 2137 2568 anni

1836 2583 2137 2632 magnitudine
