2243 3225
443 209 511 246 146
818 201 1272 242 ASTRONOMIAE
1293 198 1716 239 INSTAURATAE

443 312 719 352 Descenfioni
735 310 927 357 obliquae
939 307 1185 355 Horoscopi
1196 306 1424 355 respondet
1435 305 1595 354 gradus
1606 304 1869 343 descendens
1880 304 1917 343 8.
1930 304 1972 342 P.
1985 304 2048 343 29.
2061 303 2087 353 Ι.

442 367 503 404 45.
519 364 561 413 ΙΙ.
576 369 614 407 »Ἀ
624 395 632 408 ,
650 365 724 411 qui
735 362 927 401 sublatus
939 373 966 400 a
976 372 1081 399 vero
1093 360 1191 398 loco
1206 362 1265 405 Θ,
1282 359 1489 406 relinquit
1500 358 1581 397 CT
1594 358 1708 396 latus
1721 357 1784 395 24.
1797 357 1839 396 P.
1851 357 1915 396 26.
1929 356 1955 405 Ι.
1967 357 2030 395 20.
2044 355 2088 405 ll.

443 419 506 456 Ex
526 418 608 455 hoc
629 417 762 455 latere
784 415 821 453 &
841 415 1084 452 Altitudine
1106 413 1191 451 HT
1210 412 1487 460 inuestigetur
1509 413 1556 449 in
1575 411 1815 459 Triangulo
1838 409 2089 459 rec‘tangulo

442 470 566 509 HTC
579 469 765 517 angulus
777 467 995 506 uerticalis
1008 472 1048 504 et
1059 466 1280 514 Eclipticae
1292 465 1354 503 66.
1367 465 1410 503 P.
1423 465 1486 504 56.
1501 463 1513 513 Ι
1519 495 1526 503 .
1538 464 1592 502 21.
1607 462 1651 512 ΙΙ.
1665 464 1909 502 Parallaxis
1920 462 2033 502 Solis
2043 465 2090 502 in

442 523 619 562 Circulo
631 522 886 560 Altitudinis
899 520 1046 558 euadit
1056 519 1092 558 3.
1107 517 1133 567 Ι.
1145 519 1181 556 4.
1196 517 1208 567 Ι
1214 517 1226 567 Ι
1232 531 1257 557 .;
1275 518 1414 556 Lunae
1426 523 1576 557 autem
1586 517 1649 556 58.
1664 515 1677 565 Ι
1682 548 1689 555 .
1702 517 1765 555 24.
1779 515 1823 565 ΙΙ.
1840 517 1882 555 Α
1897 528 1986 564 qua
1996 516 2089 555 sub·
2126 531 2142 556 ⁵

442 574 570 614 ducta
589 578 632 620 Θ
652 574 870 613 Parallaxi
890 573 1059 611 refidua
1080 572 1135 610 est
1155 572 1245 610 sola
1261 568 1276 621 ΙΙ
1292 571 1533 610 Parallaxis
1552 571 1581 616 D
1598 582 1625 609 a
1643 572 1687 615 Θ
1706 572 1753 608 in
1767 569 1962 608 verticali
1982 570 2045 608 55.
2063 568 2089 618 Ι.
2117 578 2175 610 134

441 630 503 667 20.
522 628 565 677 ΙΙ.
587 628 735 666 Postea
755 630 800 665 in
821 627 958 665 altero
977 625 1207 664 Schemate
1228 636 1282 663 ex
1301 624 1436 663 latere
1453 624 1551 662 KM
1569 623 1607 662 &
1623 623 1786 672 angulo
1803 622 1949 662 MKO
1966 622 2029 661 66.
2046 622 2088 661 P.

441 683 503 721 56.
517 681 543 730 Ι.
556 682 609 720 21.
624 680 667 730 ΙΙ.
685 683 905 719 invenitur
921 679 1162 717 Parallaxis
1177 678 1462 726 longitudinis
1476 678 1505 723 J)
1518 689 1545 716 a
1559 679 1602 722 Θ
1617 677 1671 715 21.
1686 675 1698 725 Ι
1704 707 1711 715 .
1723 677 1778 714 41.
1792 674 1836 725 ΙΙ.
1853 688 1955 724 quae
1970 677 2090 724 prius

441 738 667 773 inventam
688 734 854 772 excedit
874 734 910 771 4.
933 731 959 781 Ι.
980 733 1043 770 49.
1067 730 1110 780 ΙΙ.
1132 731 1245 770 Haec
1265 730 1512 769 differentia
1531 742 1558 769 a
1577 741 1683 768 vera
1703 728 1927 768 evectione
1948 729 1978 774 ))
1996 740 2024 767 a
2043 730 2087 774 Θ

442 789 650 836 assumpto
670 787 878 834 Tempori
900 786 963 824 37.
987 784 1013 834 Ι.
1035 785 1088 823 12.
1112 783 1156 833 ΙΙ.
1180 790 1465 832 competente,
1488 786 1699 822 nimirum
1722 783 1776 822 16.
1799 781 1825 831 Ι.
1846 782 1910 822 52.
1933 780 1976 831 ΙΙ.
1997 781 2090 821 sub·
2130 796 2159 822 ιο

442 840 582 886 ducta,
599 841 805 888 relinquit
816 839 956 877 visum
971 843 1143 876 motum
1161 839 1190 883 D
1207 840 1253 876 in
1268 843 1464 885 tempore
1480 837 1534 876 lic
1545 837 1648 875 dato
1659 836 1713 874 12.
1727 835 1740 884 Ι
1746 867 1753 874 .
1766 836 1802 874 3.
1817 834 1860 884 ΙΙ.
1877 836 1958 874 Per
1972 835 2091 874 hune

442 895 660 933 dividatur
676 893 916 932 Parallaxis
933 893 1067 940 Long.
1085 891 1140 930 ad
1156 902 1308 929 veram
1328 894 1362 934 0‘
1382 891 1570 935 obtenta,
1590 895 1631 928 et
1645 891 1873 938 proveniet
1889 888 2091 927 interval-

442 948 535 986 lum
550 947 613 986 52.
627 945 640 995 Ι
646 978 653 985 .
665 947 701 984 4.
716 944 759 994 ΙΙ.
776 946 1057 989 Addendum‚
1075 946 1242 992 eritque
1257 950 1431 992 tempus
1441 943 1617 982 vifibilis
1632 946 1667 986 ό
1681 943 1718 981 2.
1731 943 1842 981 Hor.
1855 942 1918 981 36.
1932 940 1958 991 Ι.
1970 942 2033 980 26.
2047 940 2077 990 ΙΙ
2083 973 2090 980 .

443 1001 485 1038 Ρ.
503 1000 566 1038 Μ.
590 1000 727 1048 Medij
751 1004 896 1037 motus
918 998 1149 1036 intervallo
1170 1003 1479 1045 competentes,
1501 997 1808 1045 prioribusque
1829 996 1885 1035 ad
1905 1006 2022 1034 verae
2050 998 2084 1039 0‘

442 1060 614 1101 tempus
630 1053 775 1097 additi,
793 1052 1055 1090 constituunt
1070 1053 1113 1096 Θ
1128 1051 1366 1098 [implicem
1379 1051 1415 1089 9.
1429 1050 1469 1089 S.
1482 1050 1518 1088 3.
1530 1050 1573 1088 P.
1585 1050 1622 1088 2.
1636 1048 1662 1098 Ι.
1674 1049 1738 1088 36.
1752 1048 1796 1098 ΙΙ.
1814 1049 1948 1097 Long.
1963 1049 1993 1094 J>
2005 1060 2032 1087 a
2045 1049 2089 1094 Θ
2131 1062 2160 1088 15

442 1107 478 1145 0.
492 1107 534 1144 P.
549 1107 612 1145 45.
626 1104 652 1154 Ι.
664 1106 727 1144 22.
742 1104 785 1154 ΙΙ.
802 1105 1090 1143 Anomaliam
1109 1105 1139 1149 D
1154 1104 1191 1142 O.
1204 1104 1244 1143 S.
1257 1105 1293 1143 5.
1308 1104 1351 1142 P.
1364 1104 1427 1142 24.
1441 1102 1454 1152 Ι
1460 1135 1467 1142 .
1480 1104 1543 1142 38.
1557 1102 1602 1152 ΙΙ.
1619 1103 1705 1141 His
1720 1102 1950 1151 respondet
1963 1113 2093 1140 verus

443 1160 565 1198 locus
582 1161 625 1204 Θ
642 1160 678 1197 2.
696 1159 738 1197 Ρ.
756 1159 819 1198 56.
834 1157 859 1207 Ι.
876 1159 939 1197 43.
954 1156 997 1206 ΙΙ.
1016 1164 1073 1206 τη,
1090 1158 1213 1196 locus
1232 1158 1261 1203 D
1277 1169 1408 1196 verus
1424 1157 1460 1195 3.
1473 1157 1516 1195 P.
1528 1157 1591 1195 20.
1606 1155 1631 1205 Ι.
1644 1157 1680 1195 7.
1695 1154 1738 1205 ll.
1757 1162 1814 1205 m.
1832 1156 1896 1195 Ita
1910 1161 1958 1194 ut
1973 1154 2093 1193 diffe-

443 1215 583 1251 rentia
597 1213 906 1250 Luminarium
921 1211 967 1250 fit
982 1211 1045 1250 23.
1060 1209 1086 1259 Ι.
1098 1211 1161 1249 24.
1176 1209 1188 1259 Ι
1194 1209 1206 1259 Ι
1212 1242 1219 1249 .
1236 1211 1307 1249 Ad
1323 1211 1442 1249 hunc
1458 1212 1586 1259 igitur
1601 1209 1787 1258 pofitum
1803 1209 1960 1248 eadem
1974 1220 2092 1257 pror-

444 1267 512 1304 sus
536 1266 745 1304 methodo
770 1267 968 1313 inquiras
984 1266 1122 1309 tertio,
1151 1270 1197 1302 ut
1222 1269 1353 1302 antea
1377 1263 1540 1303 factum
1565 1263 1632 1307 est,
1661 1263 1912 1302 Parallaxin
1937 1262 2092 1310 Longi·

443 1320 605 1358 tudinis
629 1320 658 1364 J>
679 1331 706 1357 a
729 1321 788 1364 Θ,
810 1330 910 1366 quae
931 1320 1180 1356 invenietur
1199 1317 1262 1355 23.
1281 1316 1307 1365 Ι.
1324 1317 1387 1355 42.
1406 1315 1450 1365 ΙΙ.
1472 1329 1499 1356 a
1519 1316 1765 1355 differentia
1785 1316 2093 1355 Luminarium
2129 1327 2161 1354 κο

444 1373 497 1411 18.
516 1371 559 1421 ΙΙ.
577 1372 747 1417 distans,
769 1384 822 1410 ex
839 1383 928 1419 quo
943 1377 1117 1419 tempus
1133 1370 1308 1409 vifibilis
1332 1374 1366 1414 0‘
1391 1376 1504 1409 certe
1522 1372 1752 1408 inventum
1770 1370 2028 1408 iudicamus.
2050 1367 2094 1408 Si

443 1432 592 1464 tamen
613 1425 651 1463 &
671 1425 786 1464 hanc
806 1425 1074 1463 minutulam
1094 1424 1383 1463 diversitatem
1403 1425 1650 1462 accuratius
1671 1423 1873 1471 castigare
1893 1421 2093 1467 lubuerit‚

444 1479 497 1517 fic
514 1479 600 1517 fiat.
618 1479 882 1523 Videndum,
903 1480 949 1516 in
966 1483 1182 1526 quantum
1198 1477 1497 1516 Parallaxium
1513 1476 1734 1515 diversitas
1750 1479 1796 1514 in
1812 1475 2094 1515 antecedente

445 1534 648 1571 examine
665 1538 837 1580 tempus
847 1531 1022 1570 visibilis
1043 1534 1077 1574 0‘
1096 1532 1286 1575 mutarit,
1303 1542 1354 1569 ac
1365 1542 1445 1579 pro
1456 1530 1532 1569 illa
1545 1531 1829 1578 proportione
1845 1529 1959 1568 hisce
1970 1528 2024 1568 18.
2036 1527 2094 1567 se-

445 1586 598 1624 cundis
614 1585 973 1629 subveniendum,
990 1590 1036 1622 ut
1052 1584 1299 1622 differentia
1310 1584 1609 1623 Parallaxium
1625 1586 1671 1622 in
1686 1585 1821 1632 priori
1836 1583 2094 1621 limitatione
2130 1593 2162 1620 25

444 1640 480 1677 4.
495 1637 521 1687 Ι.
534 1640 596 1677 49.
611 1637 623 1687 Ι
629 1637 641 1687 Ι
647 1670 668 1683 .,
685 1639 884 1686 producit
895 1640 941 1676 in
953 1638 1199 1676 differentia
1209 1640 1418 1685 temporis
1432 1638 1485 1675 12.
1500 1636 1525 1685 Ι.
1538 1637 1574 1676 3.
1589 1636 1632 1685 ΙΙ.
1650 1637 1762 1685 Ergo
1774 1636 1827 1675 18.
1842 1634 1886 1684 ll.
1898 1638 1944 1674 in
1955 1634 2093 1674 discri-

445 1695 563 1730 mine
581 1692 877 1730 Parallaxium
897 1691 1129 1730 causantur
1144 1692 1207 1729 55.
1226 1689 1269 1739 ΙΙ.
1287 1693 1511 1739 temporis:
1534 1691 1648 1738 Quae
1669 1690 1817 1729 addita
1836 1691 1971 1738 priori
1990 1694 2094 1727 tem-

446 1748 541 1793 pori
552 1745 726 1783 vilibilis
738 1747 834 1794 conj
841 1744 1059 1783 unctionis
1071 1745 1114 1782 id
1126 1744 1266 1792 ipsum
1278 1745 1586 1783 accuratissime
1603 1743 1797 1782 efficiunt
1814 1742 2095 1782 emendatum

445 1799 481 1836 2.
500 1799 557 1836 H.
576 1799 639 1837 37.
658 1797 684 1847 Ι.
705 1799 759 1836 21.
778 1797 821 1846 ΙΙ.
843 1799 989 1846 Atque
1010 1798 1106 1836 haec
1127 1799 1238 1836 ratio
1257 1800 1302 1835 in
1324 1797 1560 1845 Eclipfibus
1584 1796 1660 1842 Θἰς
1680 1796 1932 1845 inquirendi
1951 1794 2094 1834 Paral-

446 1852 566 1890 laxes
578 1852 899 1900 perTriangula
912 1851 983 1890 etsi
995 1851 1129 1899 paulo
1141 1851 1395 1889 laboriosior
1406 1851 1452 1889 fit
1463 1863 1555 1889 non
1567 1849 1812 1893 assvefactis.
1823 1861 1958 1898 quam
1967 1848 2023 1887 est
2031 1859 2095 1892 ea,
2131 1859 2163 1886 ω

447 1917 534 1952 qua
551 1908 842 1943 communiter
858 1907 903 1943 in
919 1905 1078 1943 tabulis
1090 1905 1329 1942 Prutenicis
1341 1904 1410 1942 vel
1424 1905 1521 1953 alijs
1538 1910 1732 1946 utuntur.
1748 1910 1898 1942 tamen
1913 1914 2005 1941 non
2020 1901 2095 1941 sal-

446 1964 533 1996 tem
549 1959 821 2006 ingeniosior.
839 1958 877 1996 &
893 1960 1031 2006 magis
1045 1958 1401 2001 fundamentalis,
1418 1958 1488 1996 sed
1501 1957 1538 1996 &
1550 1958 1689 1996 multo
1701 1959 1858 1995 certior
1869 1955 1936 1995 est.
1953 1954 2095 1994 Paral-

447 2012 557 2050 laxis
573 2018 722 2050 autem
739 2012 999 2050 Latitudinis
1015 2014 1060 2049 in
1077 2011 1234 2049 eodem
1249 2011 1490 2060 Triangulo
1506 2011 1653 2050 KMO
1670 2010 1725 2049 en
1741 2010 1841 2049 ΜΟ
1857 2010 1920 2048 50.
1939 2007 1964 2057 Ι.
1981 2008 2035 2048 13.
2053 2006 2095 2057 ΙΙ.

448 2100 774 2146 INQUISITIO
799 2101 947 2139 VISAE
972 2100 1358 2139 LATITUDINIS
1382 2101 1411 2145 D
1432 2100 1518 2138 AD
1543 2099 1782 2138 TEMPUS
1807 2096 2096 2137 APPAREN-

1099 2162 1187 2200 TIS
1208 2162 1444 2201 SYNODI.
2130 2169 2161 2196 ³⁵

577 2224 752 2262 EDIUS
774 2230 918 2262 motus
940 2225 1200 2262 Latitudinis
1222 2225 1250 2269 ))
1270 2225 1325 2263 ad
1344 2225 1554 2263 visibilem
1579 2228 1612 2267 ό
1637 2223 1692 2262 est
1713 2224 1766 2262 10.
1784 2223 1826 2261 P.
1844 2222 1906 2261 46.
1925 2221 1952 2270 Ι.
1969 2221 2022 2260 10.
2039 2219 2095 2269 ΙΙ..

589 2280 657 2315 cui
675 2278 893 2316 adimatur
906 2277 1288 2325 Prosshaphaerefis
1309 2279 1336 2322 D
1353 2279 1549 2317 absoluta
1565 2278 1628 2316 27.
1643 2277 1668 2325 Ι.
1681 2278 1735 2316 51.
1750 2275 1793 2324 ΙΙ.
1807 2276 1844 2314 &
1857 2273 2096 2314 remanebit

448 2342 577 2367 verus
599 2331 651 2367 10.
674 2331 715 2368 P.
738 2331 790 2368 18.
814 2330 839 2377 Ι.
862 2331 914 2369 19.
938 2329 981 2378 ΙΙ.
1004 2330 1387 2378 Prosthaphaerefis
1409 2332 1656 2373 Nodorum.
1678 2342 1779 2378 quae
1800 2329 1855 2368 en
1876 2331 1902 2367 1.
1924 2327 1949 2377 Ι.
1971 2327 2033 2367 30.
2052 2325 2095 2375 ΙΙ.

449 2384 645 2425 addatur.
663 2384 699 2421 &
718 2384 903 2431 prosiliet
921 2390 1176 2431 coaequatus
1194 2384 1453 2423 Latitudinis
1470 2392 1615 2423 motus
1631 2385 1667 2422 Ο.
1681 2383 1721 2422 S.
1739 2384 1792 2421 10.
1806 2383 1848 2421 P.
1867 2383 1920 2421 19.
1934 2380 1960 2430 Ι.
1977 2381 2039 2420 49.
2053 2378 2095 2428 ΙΙ.

450 2436 565 2474 Cum
587 2448 675 2483 quo
697 2449 749 2474 ex
771 2437 919 2475 tabula
942 2437 1241 2475 Latitudinum
1261 2449 1368 2476 eruo
1391 2438 1685 2477 Latitudinem
1706 2437 1769 2476 53.
1788 2435 1813 2484 Ι.
1831 2436 1894 2475 28.
1917 2434 1960 2483 ΙΙ.
1984 2434 2095 2482 Sept.
2129 2442 2163 2470 ω

450 2491 488 2527 Α
506 2501 593 2536 qua
611 2490 850 2528 Parallaxis
872 2490 1112 2528 latitudinis
1132 2491 1159 2534 D
1177 2502 1203 2528 a
1222 2492 1281 2534 Θ.
1303 2493 1365 2530 50.
1385 2491 1410 2539 Ι.
1430 2492 1481 2529 13.
1501 2491 1557 2539 ΙΙ..
1580 2502 1680 2538 quae
1701 2492 1821 2538 prius
1842 2485 2095 2583 repemfleg:

1874 2542 2016 2581 subtra
