2164 3246
369 213 1028 254 PROGYMNASMATUM
1050 215 1362 254 SECUNDA
1384 214 1535 252 PARS
1703 213 1779 251 365

130 324 327 362 Vernum
347 319 694 368 AEquinodtium,
716 328 913 359 remanet
934 322 1023 369 ipsa
1038 322 1238 360 Ascensio
1257 320 1385 359 Recta
1405 333 1431 359 a
1448 320 1626 358 Vernali
1649 320 1780 358 Inter-

130 375 314 415 sed’tione
335 374 625 419 numeranda,
647 374 689 412 P.
707 374 743 412 O.
767 372 792 422 l.
809 375 872 413 26.
892 374 934 423 ll.
952 376 1015 419 25,
1038 376 1344 413 Declinatione
1367 386 1419 412 ex
1442 374 1780 421 Complemento

130 427 336 479 praeditfto
353 428 624 466 coincidente
641 427 684 465 P.
701 428 755 465 61.
775 426 800 476 l.
818 428 902 467 465.
925 428 1039 475 Quae
1057 429 1144 467 duo
1162 429 1259 466 satis
1276 428 1450 475 praecise
1468 427 1706 469 constituta.
1729 426 1781 464 fic

131 485 263 522 etiam
279 484 479 530 experiri,
496 482 845 529 adinuenireque
862 482 1035 529 placuit.

79 551 94 577 ⁵
184 536 250 575 Est
261 541 411 574 autem
422 537 468 573 in
479 534 548 573 his
559 534 793 582 perpufilla
804 535 1090 583 discrepantia
1102 536 1156 574 ab
1167 538 1230 583 ijs,
1244 547 1343 582 quae
1354 537 1466 573 circa
1474 534 1781 572 Ascensionem

131 589 307 629 Rectam
319 589 357 627 &
369 588 738 633 Declinationem‚
755 591 845 627 iam
861 595 992 627 antea
1009 589 1372 637 confignauimus‚
1390 589 1501 626 adeo
1519 594 1561 625 vt
1579 590 1623 625 in
1639 587 1781 625 Decli-

131 645 309 683 natione
334 642 485 681 saltem
508 641 770 680 defideretur
793 648 949 690 quarta
972 646 1102 681 vnius
1124 645 1282 680 minuti
1305 654 1421 689 pars:
1450 641 1498 679 In
1521 640 1781 678 Ascenfione

131 695 261 736 Recta
281 696 382 735 duae
399 697 566 744 quintae
583 695 824 734 abundent:
846 696 964 743 quod
986 696 1156 734 nullam
1175 701 1366 733 meretur
1382 697 1715 742 reputationem.
1739 693 1781 732 Si

132 752 228 799 quis
238 755 389 788 tamen
400 749 643 788 admodum
655 749 927 796 scrupulosus
939 749 1011 788 hic
1023 751 1099 788 esse
1109 750 1223 793 velit,
1234 755 1377 787 vtatur
1389 748 1456 786 his
1468 750 1624 795 potius,
1636 759 1658 785 e
1669 747 1780 784 Lon-

67 819 97 844 10
132 803 324 854 gitudine
341 809 473 851 atque
490 803 739 841 Latitudine
756 805 881 841 toties
898 804 1136 851 explorata,
1154 804 1397 850 compertis,
1416 803 1550 849 quam
1567 802 1745 839 caeteris.

186 857 241 896 Vt
262 868 368 895 vero
392 856 430 894 8(
452 856 537 895 1106
559 856 812 904 adiungam,
839 869 893 895 ex
916 857 1017 895 data
1040 856 1300 895 Ascenfione
1325 854 1454 893 Recta
1480 855 1612 892 huius
1636 854 1781 891 Nouae

134 911 279 951 Steuae
301 910 389 948 fine
409 910 603 948 vlteriori
624 910 1007 948 Demonstratione
1031 916 1105 949 aut
1126 910 1445 957 Supputatione
1469 920 1544 955 per
1564 907 1782 945 Tabulam

135 963 407 1004 Ascenfionis
430 962 573 1002 Red’tae
597 963 706 1012 Cap.
730 963 756 1001 1.
780 976 807 1002 a
830 964 956 1002 nobis
979 964 1188 1012 dispofitae
1215 963 1440 1010 colligitur,
1466 961 1580 999 hanc
1604 960 1782 999 Stellam

135 1017 352 1057 insolitam
368 1017 672 1056 Meridianum
687 1017 919 1055 tranfiuisse
936 1029 1037 1055 cum
1053 1024 1173 1065 parte
1190 1017 1225 1055 O.
1246 1015 1270 1064 s.
1288 1017 1338 1054 29
1357 1022 1417 1059 V,
1435 1015 1613 1062 quando
1628 1016 1673 1052 in
1688 1014 1781 1052 Me-

70 1086 100 1112 ι5
136 1071 307 1111 ridiano
322 1070 452 1119 supra
463 1071 620 1109 Polum
637 1076 740 1109 erat.
757 1072 815 1108 At
828 1083 928 1109 cum
939 1071 1053 1109 infra
1064 1073 1109 1109 in
1122 1071 1277 1109 eodem
1290 1069 1587 1112 collocaretur,
1604 1068 1782 1105 totidem

136 1125 191 1165 ab
199 1127 323 1164 initio
336 1128 378 1168 Q
393 1124 674 1163 culminabat.
693 1124 850 1172 Sicque
865 1136 1001 1172 quam
1014 1127 1213 1172 proxime
1228 1124 1409 1161 dimidio
1423 1122 1560 1170 gradu
1574 1123 1600 1158 a
1614 1119 1783 1168 punctis

136 1176 534 1227 AEquinoffiialibus
549 1180 595 1216 in
612 1178 922 1226 consequentia
939 1180 1032 1216 eius
1049 1190 1125 1226 per
1142 1177 1443 1215 Meridianum
1462 1174 1661 1213 tranfitus
1682 1186 1782 1212 con-

136 1232 338 1281 tingebat,
354 1231 424 1270 vel
439 1231 469 1270 fi
485 1231 727 1270 admodum
743 1231 988 1279 scrupulose
1005 1232 1101 1269 haec
1118 1231 1294 1269 scrutari
1310 1230 1440 1271 lubet.
1458 1234 1673 1276 quantum
1690 1227 1782 1265 fim-

136 1286 236 1335 plex
243 1285 355 1325 Solis
364 1291 510 1324 motus
518 1285 810 1324 semidiurnus
821 1287 1012 1333 requirit,
1020 1285 1279 1324 tantundem
1289 1280 1611 1330 abAEquinoCtij
1622 1279 1783 1329 puncto

50 1347 112 1380 387
136 1339 284 1379 abfuit.
308 1335 323 1390 ΙΙ
347 1339 479 1387 Quod
495 1344 727 1387 propterea
742 1339 937 1378 subtilius
954 1341 1128 1382 extric0‚
1151 1340 1255 1386 quia
1276 1336 1515 1375 existimem
1531 1335 1696 1382 aliquid
1713 1334 1784 1372 hic

136 1393 269 1433 latere
281 1392 464 1431 occultae
476 1392 833 1431 considerationis
843 1393 990 1440 quoad
1000 1392 1133 1430 huius
1144 1391 1288 1430 Stellae
1298 1395 1497 1438 portenta
1508 1388 1656 1435 (modo
1668 1390 1783 1435 quic-

137 1458 272 1495 quam
292 1448 339 1485 in
358 1445 439 1491 his,
460 1446 690 1495 praesagire
706 1446 953 1494 Terrigenis
970 1446 1210 1484 concessum
1227 1444 1288 1491 fit)
1311 1455 1386 1482 cur
1402 1442 1601 1481 videlicet
1622 1453 1712 1479 non
1729 1441 1784 1479 ad

136 1511 327 1550 vnguem
342 1501 389 1539 in
403 1500 494 1548 ipso
507 1500 675 1539 Coluro
687 1498 1073 1548 AEquinoctiorum
1085 1498 1432 1540 constituebatur,
1449 1502 1491 1533 vt
1507 1495 1632 1533 multi
1648 1495 1783 1542 grossi-

138 1556 203 1593 ori
217 1553 368 1593 saltem
382 1553 589 1602 indagine
607 1556 701 1592 eius
718 1555 1013 1601 Apparentias
1029 1553 1277 1595 scrutantes,
1297 1550 1604 1589 existimarunt.
1627 1548 1784 1595 Neque

69 1621 102 1647 25
139 1609 270 1647 etiam
292 1607 498 1646 nonnihil
520 1613 622 1646 ante
644 1607 782 1651 illum,
808 1607 879 1645 sed
902 1609 1047 1655 potius
1069 1606 1203 1654 paulo
1226 1604 1327 1653 post,
1353 1603 1631 1641 medietatem
1656 1603 1785 1649 primi

138 1661 296 1710 gradus
307 1659 647 1709 AEquinod'tialis
661 1661 915 1700 adamussim
930 1660 1173 1708 respexerit,
1191 1659 1243 1697 de
1260 1658 1418 1706 quibus
1433 1656 1509 1694 suo
1525 1655 1622 1693 1060
1639 1666 1784 1693 meam

138 1714 246 1754 forte
263 1726 485 1763 exponam
501 1713 815 1753 coniecturam:
833 1715 876 1752 id
892 1714 1041 1752 saltem
1057 1713 1128 1751 hic
1143 1713 1398 1759 adiungens.
1417 1709 1534 1757 quod
1546 1711 1591 1746 in
1604 1720 1656 1746 eo
1669 1707 1784 1746 Coeli

139 1768 248 1814 loco,
268 1768 341 1807 vbi
361 1768 452 1817 ipsa
467 1768 601 1807 Stella
617 1768 926 1810 collocabatur,
948 1770 1021 1805 vix
1041 1767 1157 1805 sexta
1177 1771 1298 1813 parte
1314 1766 1444 1802 vnius
1464 1763 1622 1811 gradus
1639 1761 1784 1799 secun—

139 1821 245 1861 dum
257 1823 426 1861 Arcum
442 1821 608 1861 Circuli
624 1822 814 1860 Maximi
831 1833 858 1860 a
875 1821 1042 1860 Coluro
1059 1819 1171 1858 dicto
1188 1819 1388 1859 distiterit.
1406 1814 1622 1855 coarctata
1637 1815 1784 1852 videli-

68 1887 102 1914 30
138 1881 203 1914 cet
217 1876 417 1914 Arcuum
432 1875 691 1914 differentiae
708 1874 1027 1913 Ascenfionalis
1044 1874 1129 1911 illic
1150 1871 1487 1919 intercapedine.
1510 1870 1564 1907 ob
1582 1868 1785 1906 Declina-

137 1930 267 1968 tionis
287 1929 637 1978 amplitudinem,
660 1929 697 1967 8(
718 1929 774 1967 ad
795 1929 951 1967 Polum
973 1927 1093 1975 quafi
1114 1938 1192 1974 pro
1213 1927 1337 1964 tertia
1359 1923 1640 1970 Quadrantis.
1664 1921 1725 1959 illi
1749 1921 1785 1959 8(

138 1982 369 2031 AEquatori
391 1985 618 2031 intercepti
641 1988 762 2030 parte
786 1982 1273 2030 appropinquationem.
1301 1978 1397 2016 Fuit
1422 1979 1568 2023 itaque
1593 1975 1703 2013 adeo
1728 1977 1785 2012 vi-

138 2038 237 2075 cina
253 2036 421 2076 Coluro
436 2035 765 2084 AEquinoc'tiali,
788 2041 830 2073 vt
851 2035 969 2073 hunc
991 2034 1075 2072 suis
1097 2034 1232 2071 ferme
1249 2032 1381 2079 radijs
1398 2032 1676 2077 contingeret,
1698 2034 1787 2065 toto

138 2095 286 2128 tamen
302 2090 500 2138 Corpore
516 2090 664 2128 versus
681 2089 992 2136 consequentia
1009 2093 1194 2126 extante.

69 2155 102 2182 35
191 2143 304 2182 Haec
322 2144 374 2182 de
393 2144 685 2192 Longitudine
707 2149 838 2190 atque
860 2142 1107 2180 Latitudine
1129 2140 1262 2178 huius
1283 2138 1427 2176 Stellae
1449 2136 1596 2184 quoad
1617 2135 1787 2182 Eclipti-

139 2208 248 2242 cam,
265 2197 304 2235 &
319 2197 628 2236 Declinatione
645 2196 995 2243 Ascenfioneque
1013 2193 1154 2236 Recta.
1172 2190 1363 2240 respectu
1377 2190 1643 2237 AEquatoris.
1661 2194 1787 2235 prout

139 2252 353 2299 principio
378 2251 667 2295 decreuimus,
695 2249 842 2288 exacte
869 2248 1141 2289 definiendis.
1171 2247 1267 2284 satis
1290 2245 1503 2292 superque
1525 2241 1729 2280 recensita
1751 2240 1787 2278 8(

140 2303 429 2343 demonstrata
444 2304 535 2343 sint.

192 2357 248 2396 Vt
267 2363 415 2396 autem
434 2357 606 2396 summa
627 2369 794 2400 eorum.
817 2368 917 2404 quae
939 2354 1150 2393 haetenus
1172 2360 1260 2391 tam
1283 2350 1461 2389 studiose
1484 2352 1596 2387 circa
1615 2348 1709 2385 haec
1727 2349 1788 2384 in-

71 2422 105 2448 40
141 2410 410 2458 quifiuimus,
425 2411 550 2450 breui
566 2412 832 2449 indicatione
845 2409 983 2448 oculis
994 2414 1151 2456 pateat,
1169 2419 1220 2445 ea
1234 2407 1384 2444 omnia
1396 2415 1535 2451 parua
1547 2401 1787 2442 Tabellula.

141 2463 228 2502 fine
252 2465 485 2504 numerosa
508 2464 828 2513 Supputatione
855 2464 966 2501 adeo
992 2461 1277 2499 multifariam
1303 2456 1553 2505 conquisita.
1580 2465 1787 2501 comprae—

141 2516 346 2556 hendam.
364 2514 379 2568 ΙΙ
1554 2559 1787 2599 STELLAE
