2164 3246
400 218 1058 262 PROGYMNASMATUM
1081 224 1388 265 SECUNDA
1409 227 1560 267 PARS
1731 230 1810 269 425

162 328 459 374 Antiquorum
474 326 634 374 placita
651 327 834 365 excedit:
853 328 1057 377 Cumque
1070 342 1122 369 ea
1133 338 1235 370 tunc
1249 336 1409 380 pariter
1422 334 1510 372 fere
1524 346 1624 373 cum
1637 335 1736 374 Sole
1749 337 1808 374 di-

161 380 233 419 stet
241 379 538 418 semid.Terrae
548 380 646 423 1150,
656 380 765 418 vti&
775 381 1025 421 Mercurius
1036 384 1105 430 (de
1116 397 1204 432 quo
1214 387 1346 425 modo
1357 388 1563 434 diximus)
1575 390 1721 428 euadit
1733 402 1809 437 per

161 433 511 482 supputationem
533 432 862 473 Geometricam
883 438 993 474 ratio
1015 437 1230 476 Diametri
1251 439 1432 478 Veneris
1453 442 1508 479 ad
1530 441 1807 481 Diametrum

161 487 320 531 Terrae,
337 486 480 534 qualis
496 486 552 525 est
567 486 592 525 6
608 487 664 525 ad
680 488 725 525 11.
743 487 935 536 Ideoque
952 501 1028 537 per
1044 492 1242 530 cubicam
1258 497 1607 542 aggregationem
1622 497 1807 542 prodibit

109 555 126 581 5
161 539 293 580 Stella
303 539 498 584 Veneris,
517 551 606 587 quo
622 541 678 578 ad
694 540 843 580 Terrae
859 542 1166 590 globofitatem,
1183 545 1333 584 saltem
1349 549 1493 585 minor
1509 548 1644 586 sexies
1661 561 1760 587 cum
1779 553 1805 595 1,

105 603 126 636 ‹1-
160 598 205 632 vt
218 598 263 631 vt
277 594 532 640 Antiquitus
548 593 784 640 putabatur
799 595 1011 635 tricefima
1026 597 1143 636 sexta
1158 598 1433 638 solummodo
1450 603 1543 639 eius
1559 605 1712 649 portio.
1731 600 1744 652 ΙΙ

75 655 139 689 476
213 646 278 685 Ex
297 646 456 694 quibus
475 652 604 694 patet,
626 648 745 694 quod
761 648 952 693 Veteres,
973 650 1134 688 horum
1151 652 1340 690 duorum
1356 653 1636 693 Planetarum
1653 668 1804 704 corpu-

160 699 351 744 lentiam,
368 699 424 738 ad
434 699 583 738 Terrae
597 699 795 739 Globum
807 710 1123 750 comparantes,
1141 716 1240 743 eam
1256 706 1362 744 iusto
1378 709 1595 745 minorem
1612 710 1804 748 reddide-

161 754 257 798 rint,
273 753 404 801 idque
420 752 504 791 illis
520 759 752 801 propterea
768 756 934 800 accidit,
952 760 1164 804 quoniam
1180 758 1294 797 infra
1305 759 1451 798 Solem
1463 761 1661 808 vtrosque
1674 763 1803 801 collo-

95 821 126 848 ιο
161 808 262 851 cari,
287 806 326 845 &
350 806 625 845 Mercurium
649 810 849 855 proxime
874 808 1002 857 supra
1026 810 1211 855 Lunam,
1238 815 1403 859 opinati
1428 813 1516 852 fint.
1548 814 1704 862 Sicque
1730 828 1804 854 eos

159 861 346 898 nimium
367 859 513 898 Terris
536 860 820 899 admouendo
844 873 998 901 eorum
1021 875 1148 902 veras
1171 864 1422 904 Diametros
1445 867 1588 905 debito
1612 870 1803 908 minores

157 912 434 957 admiserunt,
446 913 825 961 quemadmodum
837 927 918 953 nos
930 923 1060 955 antea
1069 917 1254 965 idipsum
1263 921 1502 958 innuimus.
1516 922 1573 958 At
1582 923 1627 959 in
1638 926 1803 961 caeteris

156 966 291 1005 tribus
298 965 592 1014 superioribus
599 967 790 1006 Planetis
800 972 1019 1008 contrario
1029 971 1161 1009 modo
1171 973 1455 1020 impegerunt.
1464 985 1538 1011 eos
1548 974 1657 1021 plus,
1669 987 1802 1022 quam

157 1021 358 1068 oportuit,
370 1019 554 1058 aTerris
565 1019 854 1060 subleuando:
871 1023 985 1061 vnde
1003 1026 1133 1062 etiam
1146 1036 1221 1062 eos
1233 1025 1339 1064 iusto
1351 1028 1540 1065 maiores
1553 1027 1800 1071 effecerunt.

91 1087 122 1114 15
157 1078 285 1122 prout
299 1073 433 1112 modo
448 1073 708 1112 videbimus.

208 1125 430 1165 MARTIS
446 1126 604 1172 Stellae,
627 1129 807 1175 quando
823 1129 969 1167 medio
986 1130 1118 1168 modo
1135 1142 1161 1169 a
1177 1130 1321 1169 Terris
1338 1140 1601 1177 remouetur,
1623 1134 1800 1174 Diame-

154 1184 270 1218 trum
288 1179 499 1218 vilibilem
520 1180 820 1229 perspeximus
842 1194 934 1221 non
956 1183 1086 1230 plane
1109 1184 1133 1221 2
1155 1184 1218 1222 M.
1240 1184 1465 1224 deficiente
1489 1189 1654 1225 circiter
1677 1191 1800 1227 tertia

154 1238 274 1281 parte
288 1235 431 1272 vnius.
453 1233 668 1272 Distantia
688 1241 837 1273 autem
859 1238 952 1274 eius
973 1248 999 1274 a
1019 1236 1176 1281 Terris,
1197 1244 1298 1275 tunc
1320 1238 1386 1281 est,
1408 1241 1529 1277 iuxta
1549 1240 1712 1279 nostras
1733 1253 1797 1280 ra·

153 1287 306 1332 tiones,
322 1286 443 1334 quafi
457 1286 740 1327 semidiamet.
758 1289 864 1327 1745.
883 1289 1075 1337 Ideoque
1088 1292 1316 1338 occupabit
1328 1291 1553 1330 Diameter
1570 1296 1662 1331 eius
1679 1295 1731 1332 de
1747 1295 1798 1333 60

84 1353 119 1380 ω
152 1340 346 1391 partibus
355 1339 572 1379 Diametri
580 1340 729 1380 Terrae
738 1342 889 1380 saltem
898 1343 982 1382 25
992 1343 1072 1381 Per
1082 1343 1280 1382 cubicam
1290 1347 1435 1392 itaque
1446 1350 1797 1386 numerationem

153 1394 232 1432 erit
245 1392 382 1432 Terra
396 1393 626 1442 aliquanto
642 1395 753 1442 plus,
775 1407 910 1443 quarn
930 1397 1137 1434 tredecies
1154 1397 1298 1435 Marte
1318 1401 1474 1436 maior:
1496 1406 1539 1437 vt
1555 1406 1598 1437 vt
1613 1402 1796 1448 Antiqui

153 1457 252 1486 eam
266 1445 402 1486 ferme
418 1446 695 1495 sesquialtera
710 1451 804 1487 vice
821 1449 905 1487 hoc
920 1451 1139 1488 minorem
1154 1450 1556 1499 praesupposuerint.

205 1499 359 1540 IOVIS
374 1500 533 1539 illustre
545 1501 686 1546 Sidus,
704 1502 776 1540 vbi
789 1505 834 1541 in
848 1503 1057 1541 mediocri
1069 1515 1095 1541 a
1106 1504 1232 1542 nobis
1245 1504 1299 1542 est
1311 1504 1518 1548 distantia,
1536 1518 1635 1553 quae
1650 1506 1794 1545 semid.

151 1551 299 1592 Terrae
320 1553 621 1602 compledtitur
643 1555 749 1594 3990
771 1558 817 1594 in
840 1556 1069 1594 Diametro
1089 1556 1241 1595 visibili
1264 1557 1383 1605 quafi
1404 1558 1466 1596 M.
1488 1558 1529 1598 2:
1556 1560 1794 1607 adimplere

83 1619 118 1646 25
152 1609 452 1656 cognouimus.
469 1608 596 1646 Vnde
616 1607 808 1656 sequitur
829 1612 922 1648 eius
939 1610 1217 1648 Diametrum
1237 1610 1277 1648 se
1298 1610 1460 1649 habere
1481 1612 1535 1649 ad
1552 1612 1698 1651 Terrae
1719 1613 1793 1651 Di-

150 1662 402 1699 metientem
416 1661 521 1700 ficut
535 1662 578 1700 12
593 1663 649 1700 ad
665 1663 688 1701 5
705 1662 853 1701 ferme.
872 1663 1048 1710 Eritque
1064 1664 1223 1701 idcirco
1239 1666 1380 1702 maior
1392 1664 1526 1702 Terra
1541 1665 1629 1703 fere
1642 1667 1682 1703 14
1695 1669 1793 1704 vici·

149 1712 243 1759 bus,
263 1725 365 1752 cum
383 1720 534 1753 tamen
553 1715 669 1754 hanc
685 1715 888 1763 superare
904 1716 1002 1764 plus
1019 1728 1154 1764 quam
1170 1715 1400 1765 octuagies,
1423 1718 1527 1755 olim
1548 1719 1791 1765 putabatur.

202 1765 451 1806 SATVRNI
470 1768 652 1807 sublime
668 1769 855 1813 Astrum,
878 1781 978 1808 cum
999 1770 1190 1808 mediam
1207 1771 1233 1807 a
1249 1770 1392 1808 Terris
1413 1770 1655 1809 distantiam
1676 1774 1792 1819 possi-

150 1819 232 1866 det,
244 1819 390 1860 femid.
401 1821 747 1867 videlicet10550,
760 1822 977 1861 visibiliter
990 1823 1051 1861 M.
1066 1824 1091 1860 l.
1105 1823 1144 1861 S.
1158 1823 1208 1861 50
1219 1823 1307 1861 fere
1320 1824 1537 1871 adimplet.
1556 1824 1680 1863 Vnde
1693 1837 1791 1863 con-

81 1885 115 1912 30
149 1871 338 1922 requitur
357 1874 488 1922 ipfius
508 1875 789 1914 Diametrum
810 1879 1032 1914 continere
1054 1876 1306 1914 Diametros
1321 1876 1468 1914 Terrae
1489 1877 1513 1914 2
1534 1889 1632 1915 curn
1660 1882 1693 1918 (ἢ
1716 1881 1791 1916 cir-

149 1928 263 1972 citer,
285 1932 330 1966 vt
350 1927 397 1966 fit
418 1931 644 1977 proportio
667 1929 856 1968 Diamet.
881 1930 1023 1977 qualis
1047 1929 1100 1967 est
1123 1929 1164 1967 31
1185 1930 1240 1967 ad
1261 1931 1304 1967 11.
1330 1929 1498 1968 Cubica
1520 1932 1646 1978 igitur
1669 1935 1790 1974 ratio,

148 1980 309 2028 pandet
323 1981 450 2020 illum
460 1982 644 2021 Terram
659 1983 795 2031 paulo
811 1983 909 2031 plus
925 1983 976 2020 22
992 1983 1157 2020 vicibus
1174 1982 1387 2030 superare,
1405 1995 1494 2021 non
1511 1983 1790 2026 considerato,

149 2033 267 2082 quod
282 2033 479 2074 Vetussas
495 2047 599 2074 eum
614 2036 726 2075 vltra
741 2039 952 2084 nonagies
969 2036 1104 2074 Terra
1120 2039 1333 2074 maiorem
1349 2037 1596 2083 prodiderit.

201 2086 252 2126 In
265 2086 385 2126 hunc
401 2088 478 2136 (vti
494 2087 657 2128 dic'tum
673 2089 745 2136 est)
762 2090 946 2127 modum
961 2089 1001 2127 se
1018 2089 1179 2127 habent
1195 2089 1354 2127 harum
1371 2092 1564 2137 quinque
1584 2090 1791 2129 Erratica·

79 2150 113 2178 35
149 2151 248 2179 rum
266 2143 591 2190 magnitudines
607 2143 662 2181 ad
678 2142 862 2181 Terram
878 2149 1155 2190 comparatae,
1177 2145 1298 2181 iuxta
1318 2142 1506 2180 nostram
1527 2146 1791 2182 neotericam

147 2194 588 2241 animaduertionem,
609 2198 797 2244 proprijS
818 2207 994 2244 quoque
1012 2195 1336 2244 Hypothefibus
1357 2195 1596 2234 fundatam.
1620 2197 1682 2234 Ex
1699 2200 1790 2244 qui-

146 2245 228 2286 bus
246 2254 439 2296 apparet,
456 2249 647 2294 Veteres,
669 2255 766 2293 tres,
788 2261 899 2297 quos
918 2260 1140 2291 vocamus,
1162 2249 1403 2296 superiores
1420 2249 1632 2292 Planetas,
1655 2252 1790 2288 nimia

147 2301 446 2349 magnitudine
462 2303 637 2341 auxisse:
660 2303 772 2341 duos
787 2314 892 2341 vero
908 2302 1147 2346 inferiores,
1169 2302 1276 2340 iusto
1293 2305 1484 2341 minores
1502 2303 1645 2350 (prout
1662 2310 1790 2341 antea

147 2363 325 2402 quoque
340 2356 585 2403 innuimus)
603 2355 792 2394 effecisse.

78 2417 113 2444 4ο
199 2405 423 2455 Superatis
445 2411 593 2457 itaque
616 2409 699 2448 hac
719 2412 792 2447 via
815 2411 1015 2447 omnium
1039 2409 1319 2446 Planetarum
1343 2411 1441 2451 oris,
1466 2409 1520 2447 ad
1542 2409 1789 2447 Affixarum

147 2458 381 2499 Stellarum
395 2463 720 2511 magnitudines
734 2465 828 2511 pari
840 2465 1008 2501 ratione
1020 2461 1283 2504 scrutandas,
1300 2461 1524 2500 sublimius
1537 2463 1789 2500 conscende-

148 2523 258 2552 mus.
268 2513 401 2561 Quod
409 2521 454 2554 vt
463 2516 739 2554 commodius
748 2515 835 2560 fiat,
847 2522 1062 2563 quantum
1072 2515 1247 2553 Saturni
1257 2515 1401 2558 Stella,
1412 2516 1590 2562 quando
1600 2518 1788 2605 ωΞιΓΧίῐης

252 2574 285 2600 ⁵⁴
1605 2579 1630 2605 a
1685 2580 1788 2605 errls
