2248 3298
97 672 136 704 16

101 833 132 860 1⁰

97 1101 128 1127 15

98 2009 137 2041 17

99 2437 135 2464 40

461 236 1121 276 PROGYMNASMATUM
1144 238 1347 276 PRIMA
1369 238 1520 277 PARS
1778 240 1817 277 17

168 343 349 387 Labore,
366 343 617 391 Diligentia,
635 342 673 381 &
690 343 926 385 Sumtibus.
943 344 1272 382 inaestimabilia.
1292 345 1496 392 Cumque
1514 345 1718 383 omnibus
1735 346 1818 383 illis

167 398 284 436 idem
294 396 467 445 prorsus
479 397 804 440 adinuenissem.
816 397 1027 438 videlicet.
1040 398 1331 436 Altitudinem
1343 399 1435 436 Poli
1449 410 1470 436 e
1484 398 1624 437 Stellis
1638 401 1817 437 circum-

167 450 390 500 polaribus
402 450 660 493 deriuatam‚
674 451 882 488 excedere
896 462 1007 493 eam.
1021 462 1121 498 quae
1132 462 1209 498 per
1222 451 1369 489 Solem
1381 454 1426 490 in
1438 460 1620 499 Vtroque
1634 452 1818 490 Solstitio

166 506 403 546 inuenitur.
415 503 514 551 plus
526 506 751 551 quaternis
762 504 821 550 (vt
833 504 938 549 dixi)
950 504 1176 552 scrupulis:
1190 505 1322 542 huius
1335 505 1632 552 discrepantiae
1644 505 1818 543 causam

167 569 259 596 non
268 557 356 595 fine
368 558 660 595 admiratione
675 556 903 605 (fiquidem
916 557 1246 596 Obseruationis
1258 560 1363 596 vitio
1376 570 1474 596 eam
1487 558 1580 596 fieri
1592 571 1683 596 non
1695 560 1817 606 posse.

168 611 224 650 ob
239 616 301 649 tot
315 616 628 658 tantorumque
640 610 1032 648 Instrumentorum
1044 611 1299 649 consensum
1315 611 1412 649 satis
1427 614 1516 650 iam
1528 621 1667 649 certus
1681 613 1817 657 eram)

167 664 392 713 diligenter
412 664 697 711 vndiquaque
717 663 959 711 penfitanti.
980 664 1254 702 succurrebat
1275 661 1289 714 ΙΙ
1310 665 1500 704 tandem.
1523 666 1565 702 id
1587 666 1641 703 ob
1663 665 1817 703 refrac-

167 720 344 761 tionem,
357 729 493 765 quam
504 716 578 755 Sol
591 719 704 756 circa
716 717 950 756 Solstitium
962 717 1222 766 hybernum.
1237 729 1337 755 cum
1349 719 1474 756 nobis
1486 720 1559 755 vix
1572 720 1602 756 ll
1615 720 1818 766 gradibus

168 771 378 815 eleuatur,
394 773 562 819 ingerit,
579 772 770 809 euenire.
788 771 931 809 Locus
943 771 1155 818 fiquidem
1167 773 1273 812 eius.
1290 773 1335 808 in
1348 779 1437 809 tam
1449 772 1606 809 decliui
1619 773 1674 809 ad
1687 772 1818 809 Hori-

167 831 342 864 zontem
359 824 450 869 fitu,
469 822 650 863 refrac'te
668 825 795 863 nobis
814 835 1045 872 apparens.
1067 824 1197 862 altius
1216 824 1426 866 eleuatur.
1447 836 1582 872 quam
1601 836 1756 862 reuera
1775 828 1820 862 in

166 878 257 927 ipso
269 878 398 917 Coelo
411 879 630 926 contingit,
643 877 975 926 astipulantibus
986 878 1069 916 hac
1081 880 1127 916 in
1138 885 1272 926 parte.
1285 889 1377 916 non
1390 879 1531 926 dubijs
1541 878 1708 925 Opticae
1722 879 1818 916 doc-

166 934 293 970 trinae
301 932 557 970 rationibus.
570 931 876 970 Nihilominus
885 938 1035 970 tamen
1044 939 1213 970 tantam
1222 933 1269 969 in
1278 931 1378 970 Sole
1389 930 1706 971 refractionem.
1720 943 1819 979 quae

167 985 280 1024 adeo
299 985 482 1023 euidens
502 984 731 1023 discrimen
751 984 940 1027 inferret.
961 987 1035 1023 vix
1056 984 1151 1023 fieri
1166 986 1290 1032 posse.
1311 985 1566 1032 suspicabar.
1590 985 1820 1032 Oporteret

167 1041 286 1078 enim
297 1038 446 1078 Solem
455 1040 502 1077 in
514 1038 712 1077 Brumali
725 1038 816 1081 fitu,
832 1050 910 1086 per
925 1037 1231 1077 refractionem
1247 1039 1270 1077 9
1287 1039 1342 1076 ad
1359 1040 1594 1076 minimum
1610 1038 1818 1086 scrupulis

163 1091 271 1131 iusto
290 1092 493 1131 altiorem
513 1092 712 1140 conspici.
735 1091 1016 1140 Quapropter
1038 1092 1076 1130 ἃ
1097 1092 1217 1130 aliud
1239 1093 1463 1139 quoddam
1483 1092 1818 1129 Instrumentum

163 1145 401 1184 Armillare
418 1145 600 1184 confieri
615 1145 709 1189 feci,
727 1147 851 1184 cuius
864 1145 1092 1184 Diameter
1104 1146 1198 1184 esset
1210 1146 1361 1184 decem
1378 1146 1552 1193 pedum.
1570 1148 1628 1183 ita
1646 1146 1818 1183 ordina-

163 1205 269 1244 tum,
286 1204 330 1238 vt
345 1201 441 1238 axis
458 1201 552 1237 eius
569 1198 776 1247 exquisite
792 1201 865 1238 axi
882 1199 1045 1237 Mundi
1062 1199 1427 1247 corresponderet.
1446 1199 1483 1236 &
1500 1199 1819 1237 circumuoluta

164 1252 365 1298 Armilla,
389 1253 732 1291 declinationem
752 1252 866 1292 Solis
888 1259 1020 1301 atque
1043 1253 1290 1294 Stellarum,
1315 1255 1446 1290 etiam
1468 1260 1589 1290 extra
1610 1252 1818 1290 Meridia-

164 1318 286 1351 num,
302 1308 349 1345 in
365 1308 526 1354 quouis
542 1306 621 1345 [itu
636 1306 813 1354 praecise
830 1306 1118 1354 depromeret.
1136 1307 1286 1344 Huius
1303 1305 1517 1344 beneficio
1534 1305 1631 1344 satis
1648 1305 1818 1353 persua—

165 1360 311 1405 debat,
332 1360 482 1399 Solem
496 1371 654 1399 reuera
670 1360 782 1399 adeo
798 1371 1008 1408 magnam
1023 1362 1070 1398 in
1086 1360 1245 1398 decliui
1262 1360 1340 1398 [itu
1359 1360 1585 1398 admittere
1602 1358 1818 1397 refraclio-

164 1425 280 1453 nem.
301 1413 428 1453 quta
446 1413 683 1453 Solstitium
703 1416 823 1452 enim
838 1413 1068 1455 AEstiuum,
1090 1426 1191 1452 cum
1208 1413 1282 1452 Sol
1298 1416 1343 1451 in
1359 1413 1602 1451 Altitudine
1624 1415 1819 1450 maxima

164 1467 220 1506 ad
231 1467 536 1506 Meridianum
551 1468 626 1507 572}
640 1469 842 1515 proxime
858 1470 1062 1516 partium.
1080 1467 1250 1505 nullam
1262 1467 1331 1505 vel
1344 1466 1518 1515 prorsus
1532 1466 1819 1504 insenfibilem

164 1522 326 1570 patitur
341 1520 660 1564 refractionem.
678 1523 772 1560 eius
784 1521 1154 1562 Declinationem.
1171 1533 1247 1568 per
1264 1521 1451 1559 eandem
1463 1520 1709 1560 Armillam.
1727 1528 1820 1557 tum

165 1574 526 1614 antemeridianis
541 1580 635 1613 tum
651 1577 784 1613 etiam
799 1575 1116 1623 pomeridianis
1132 1574 1414 1622 temporibus.
1437 1574 1491 1611 ab
1513 1580 1610 1611 ortu
1626 1573 1757 1620 vsque
1775 1575 1820 1610 in

167 1627 368 1668 occasum
386 1628 628 1667 conuoluta
642 1640 732 1667 vna
748 1640 849 1667 cum
865 1628 966 1667 Sole
983 1628 1184 1669 Armilla.
1206 1640 1337 1666 mane
1355 1627 1392 1665 &
1408 1627 1585 1675 vesperi.
1608 1629 1729 1665 iuxta
1745 1627 1818 1664 Al-

166 1681 398 1721 titudinem
414 1683 446 1720 ll
462 1682 680 1731 graduum
701 1682 862 1730 (qualis
878 1682 967 1720 fere
984 1682 1055 1720 hic
1073 1682 1189 1720 estin
1205 1682 1386 1719 meridie
1404 1681 1458 1719 ad
1476 1680 1704 1724 Brumam)
1726 1691 1819 1727 per·

166 1734 387 1780 scrutatus,
409 1742 626 1783 quantum
647 1747 827 1774 nouena
847 1735 1050 1784 scrupula
1071 1738 1269 1783 proxime
1291 1735 1582 1782 requirebant,
1604 1733 1710 1771 iusto
1729 1745 1819 1771 ma-

166 1791 306 1828 iorem
325 1788 619 1828 differentiam
637 1789 923 1838 deprehendi:
947 1789 1102 1827 eadem
1123 1789 1212 1827 fere
1232 1788 1448 1828 mensura.
1471 1789 1620 1835 quain
1636 1787 1819 1825 Solstitio

167 1841 378 1892 hyberno,
403 1843 532 1881 altior
552 1843 679 1881 nobis
700 1843 787 1887 Sol,
809 1855 945 1891 quam
965 1854 1122 1881 reuera
1144 1843 1210 1883 est.
1236 1849 1428 1890 apparet.
1458 1841 1662 1888 Cumque
1689 1841 1820 1878 huius

168 1897 232 1934 rei
250 1896 419 1945 aliquot
443 1898 664 1935 continuis
689 1898 818 1935 annis
843 1897 1094 1945 diligentem
1123 1896 1400 1934 adhibuerim
1424 1896 1751 1942 experientiam.
1776 1896 1820 1931 in

168 1948 449 1989 refractiones
465 1950 591 1994 Solis.
607 1952 729 1988 iuxta
745 1950 1031 1989 decliuiorem
1046 1950 1183 1991 fitum.
1201 1950 1377 1997 culpam
1394 1959 1584 1988 omnem.
1602 1948 1734 1985 huius
1752 1948 1820 1993 (de

169 2014 258 2052 qua
268 2003 375 2050 dixi)
387 2000 681 2054 di-nuerfitatis
692 2006 806 2042 circa
818 2004 1222 2044 PoliAltitudinem.
1235 2005 1412 2050 reijcere
1425 2013 1516 2039 non
1529 2001 1718 2048 amplius
1733 2000 1820 2038 hae-

168 2056 363 2096 litabam:
375 2057 624 2106 praesertim,
638 2069 739 2096 cum
750 2064 872 2096 tanta
882 2060 1005 2096 iuxta
1016 2057 1156 2105 ipsum
1166 2057 1472 2096 Horizontem.
1485 2055 1611 2092 nobis
1621 2066 1696 2101 per
1706 2054 1821 2091 idem

168 2110 405 2149 Armillare
417 2110 757 2149 Instrumentum
767 2110 857 2149 visa
868 2111 915 2149 fit
926 2110 1138 2151 refrad’tio.
1156 2122 1256 2158 quae
1273 2110 1504 2148 dimidium
1518 2110 1717 2155 proxime
1730 2119 1821 2155 gra-

169 2163 276 2202 dum
290 2164 548 2213 adaequarit.
563 2166 710 2212 Atque
727 2164 829 2203 hinc
846 2167 979 2203 etiam
995 2164 1042 2202 fit
1053 2171 1096 2202 vt
1109 2164 1183 2202 Sol
1200 2164 1393 2211 quotidie
1411 2164 1535 2200 citius
1552 2164 1667 2201 oriri.
1686 2160 1722 2198 &
1740 2169 1820 2198 tar-

169 2217 267 2256 dius
282 2218 479 2257 occidere
495 2224 718 2267 appareat.
735 2230 871 2266 quam
887 2229 1017 2256 verus
1034 2217 1164 2265 ipsius
1180 2217 1377 2256 ascensus
1390 2216 1427 2254 &
1440 2215 1663 2253 descensus
1681 2216 1820 2262 exigit.

169 2271 300 2319 idque
325 2271 571 2310 differentia
595 2271 695 2310 satis
719 2272 1000 2320 perceptibili.
1027 2278 1172 2319 vtpote
1197 2282 1298 2318 quae
1322 2277 1511 2318 quatuor
1534 2269 1602 2306 vel
1627 2270 1821 2315 quinque

169 2323 370 2373 scrupula
389 2327 581 2373 attingat,
603 2327 694 2364 imo
714 2325 935 2363 interdum
957 2326 1148 2367 excedat.
1171 2335 1315 2371 neque
1338 2325 1456 2361 enim
1475 2323 1517 2360 id
1535 2322 1589 2360 ob
1607 2333 1822 2368 vaporum

170 2379 303 2417 etiam
326 2378 457 2417 Coelo
478 2378 738 2417 serenissimo
761 2381 875 2417 circa
898 2379 1193 2417 Horizontem
1216 2377 1433 2415 diuersam
1458 2375 1722 2414 denfitatem.
1750 2374 1821 2411 fibi

169 2430 336 2480 semper
351 2431 486 2470 simile
502 2439 743 2480 permanet.

223 2484 288 2524 Ex
303 2485 372 2524 his
388 2485 563 2534 insuper
578 2485 781 2534 sequitur.
799 2485 1156 2524 Declinationem
1168 2484 1281 2523 Solis
1298 2485 1552 2522 maximam.
1571 2493 1624 2519 ex
1642 2483 1735 2518 eius
1748 2481 1820 2518 Al-

170 2538 352 2578 titudine
368 2539 616 2578 meridiana
631 2542 677 2577 in
692 2546 877 2587 vtroque
892 2539 1077 2578 Solstitio
1095 2541 1227 2577 etiam
1244 2537 1553 2585 diligentissime
1571 2533 1821 2581 conquisita.

275 2600 292 2626 3
1539 2598 1821 2635 nequaquam
