<?xml version="1.0" encoding="UTF-8"?>
<!DOCTYPE html PUBLIC "-//W3C//DTD XHTML 1.0 Transitional//EN"
    "http://www.w3.org/TR/xhtml1/DTD/xhtml1-transitional.dtd">
<html xmlns="http://www.w3.org/1999/xhtml" xml:lang="en" lang="en">
 <head>
  <title>
</title>
<meta http-equiv="Content-Type" content="text/html;charset=utf-8" />
  <meta name='ocr-system' content='tesseract 3.04.00' />
  <meta name='ocr-capabilities' content='ocr_page ocr_carea ocr_par ocr_line ocrx_word'/>
</head>
<body>
  <div class='ocr_page' id='page_1' title='image "./operaomniaedidit02brahuoft/operaomniaedidit02brahuoft_0145.png"; bbox 0 0 2164 3246; ppageno 0'>
   <div class='ocr_carea' id='block_1_1' title="bbox 43 805 75 832">
    <p class='ocr_par' dir='ltr' id='par_1_1' title="bbox 43 805 75 832">
     <span class='ocr_line' id='line_1_1' title="bbox 43 805 75 832; baseline 0 0"><span class='ocrx_word' id='word_1_1' title='bbox 43 805 75 832; x_wconf 86' lang='lat'>10</span> 
     </span>
    </p>
   </div>
   <div class='ocr_carea' id='block_1_2' title="bbox 45 1072 76 1098">
    <p class='ocr_par' dir='ltr' id='par_1_2' title="bbox 45 1072 76 1098">
     <span class='ocr_line' id='line_1_2' title="bbox 45 1072 76 1098; baseline 0 0"><span class='ocrx_word' id='word_1_2' title='bbox 45 1072 76 1098; x_wconf 84' lang='lat'>15</span> 
     </span>
    </p>
   </div>
   <div class='ocr_carea' id='block_1_3' title="bbox 45 1469 1771 2140">
    <p class='ocr_par' dir='ltr' id='par_1_3' title="bbox 45 1469 1771 2140">
     <span class='ocr_line' id='line_1_3' title="bbox 45 1469 1771 2140; baseline 0 1106"><span class='ocrx_word' id='word_1_3' title='bbox 45 1469 1771 2140; x_wconf 95' lang='lat' dir='ltr'> </span> 
     </span>
    </p>
   </div>
   <div class='ocr_carea' id='block_1_4' title="bbox 402 203 1757 248">
    <p class='ocr_par' dir='ltr' id='par_1_4' title="bbox 402 203 1757 248">
     <span class='ocr_line' id='line_1_4' title="bbox 402 203 1757 248; baseline 0.005 -7"><span class='ocrx_word' id='word_1_4' title='bbox 402 203 1062 243; x_wconf 84' lang='lat' dir='ltr'><strong>PROGYMNASMATUM</strong></span> <span class='ocrx_word' id='word_1_5' title='bbox 1084 206 1287 244; x_wconf 84' lang='lat' dir='ltr'><strong>PRIMA</strong></span> <span class='ocrx_word' id='word_1_6' title='bbox 1308 207 1459 246; x_wconf 86' lang='lat' dir='ltr'>PARS</span> <span class='ocrx_word' id='word_1_7' title='bbox 1701 210 1757 248; x_wconf 88' lang='lat'>131</span> 
     </span>
    </p>
   </div>
   <div class='ocr_carea' id='block_1_5' title="bbox 107 309 1764 1426">
    <p class='ocr_par' dir='ltr' id='par_1_5' title="bbox 107 309 1760 735">
     <span class='ocr_line' id='line_1_5' title="bbox 107 309 1757 358; baseline 0.002 -8"><span class='ocrx_word' id='word_1_8' title='bbox 107 316 346 350; x_wconf 90' lang='lat' dir='ltr'>montanus</span> <span class='ocrx_word' id='word_1_9' title='bbox 363 312 482 348; x_wconf 90' lang='lat' dir='ltr'>enim</span> <span class='ocrx_word' id='word_1_10' title='bbox 498 309 630 358; x_wconf 89' lang='lat' dir='ltr'>plane</span> <span class='ocrx_word' id='word_1_11' title='bbox 647 309 834 347; x_wconf 88' lang='lat' dir='ltr'>nullam:</span> <span class='ocrx_word' id='word_1_12' title='bbox 853 310 1126 358; x_wconf 92' lang='lat' dir='ltr'>Copernicus</span> <span class='ocrx_word' id='word_1_13' title='bbox 1138 324 1241 351; x_wconf 93' lang='lat' dir='ltr'>vero</span> <span class='ocrx_word' id='word_1_14' title='bbox 1259 315 1446 352; x_wconf 86' lang='lat' dir='ltr'><strong>necdum</strong></span> <span class='ocrx_word' id='word_1_15' title='bbox 1463 314 1757 354; x_wconf 86' lang='lat' dir='ltr'>sufficientem.</span> 
     </span>
     <span class='ocr_line' id='line_1_6' title="bbox 108 362 1759 414; baseline 0.002 -11"><span class='ocrx_word' id='word_1_16' title='bbox 108 365 228 403; x_wconf 90' lang='lat' dir='ltr'>Nam</span> <span class='ocrx_word' id='word_1_17' title='bbox 247 363 345 402; x_wconf 91' lang='lat' dir='ltr'>licet</span> <span class='ocrx_word' id='word_1_18' title='bbox 365 365 401 401; x_wconf 91' lang='lat' dir='ltr'>is</span> <span class='ocrx_word' id='word_1_19' title='bbox 422 362 681 412; x_wconf 88' lang='lat' dir='ltr'>hypothesin</span> <span class='ocrx_word' id='word_1_20' title='bbox 698 363 886 401; x_wconf 90' lang='lat' dir='ltr'>Lunaris</span> <span class='ocrx_word' id='word_1_21' title='bbox 906 371 1051 403; x_wconf 90' lang='lat' dir='ltr'>motus</span> <span class='ocrx_word' id='word_1_22' title='bbox 1072 368 1298 413; x_wconf 80' lang='lat' dir='ltr'>aptiorem,</span> <span class='ocrx_word' id='word_1_23' title='bbox 1321 379 1454 414; x_wconf 92' lang='lat' dir='ltr'>quam</span> <span class='ocrx_word' id='word_1_24' title='bbox 1474 375 1603 406; x_wconf 91' lang='lat' dir='ltr'>antea</span> <span class='ocrx_word' id='word_1_25' title='bbox 1619 371 1664 406; x_wconf 88' lang='lat' dir='ltr'>in</span> <span class='ocrx_word' id='word_1_26' title='bbox 1681 369 1759 407; x_wconf 92' lang='lat' dir='ltr'>usu</span> 
     </span>
     <span class='ocr_line' id='line_1_7' title="bbox 109 416 1759 469; baseline 0.002 -13"><span class='ocrx_word' id='word_1_27' title='bbox 109 423 212 463; x_wconf 90' lang='lat' dir='ltr'>erat,</span> <span class='ocrx_word' id='word_1_28' title='bbox 232 416 453 465; x_wconf 83' lang='lat' dir='ltr'>ingeniose</span> <span class='ocrx_word' id='word_1_29' title='bbox 475 416 729 460; x_wconf 87' lang='lat' dir='ltr'>condiderit,</span> <span class='ocrx_word' id='word_1_30' title='bbox 751 422 900 455; x_wconf 91' lang='lat' dir='ltr'>tamen</span> <span class='ocrx_word' id='word_1_31' title='bbox 922 417 959 454; x_wconf 85' lang='lat'>&amp;</span> <span class='ocrx_word' id='word_1_32' title='bbox 981 428 1080 456; x_wconf 90' lang='lat' dir='ltr'>eam</span> <span class='ocrx_word' id='word_1_33' title='bbox 1102 419 1240 457; x_wconf 86' lang='lat' dir='ltr'>Lunae</span> <span class='ocrx_word' id='word_1_34' title='bbox 1260 431 1286 457; x_wconf 95' lang='lat' dir='ltr'>a</span> <span class='ocrx_word' id='word_1_35' title='bbox 1303 420 1438 459; x_wconf 90' lang='lat' dir='ltr'>Terra</span> <span class='ocrx_word' id='word_1_36' title='bbox 1461 421 1759 469; x_wconf 88' lang='lat' dir='ltr'>divagationes</span> 
     </span>
     <span class='ocr_line' id='line_1_8' title="bbox 108 469 1760 521; baseline 0.002 -11"><span class='ocrx_word' id='word_1_37' title='bbox 108 472 298 510; x_wconf 92' lang='lat' dir='ltr'>nimium</span> <span class='ocrx_word' id='word_1_38' title='bbox 320 470 609 518; x_wconf 89' lang='lat' dir='ltr'>ampliantem</span> <span class='ocrx_word' id='word_1_39' title='bbox 630 469 945 508; x_wconf 73' lang='lat' dir='ltr'>inconsiderate</span> <span class='ocrx_word' id='word_1_40' title='bbox 969 471 1152 510; x_wconf 88' lang='lat' dir='ltr'>admifit:</span> <span class='ocrx_word' id='word_1_41' title='bbox 1177 479 1223 510; x_wconf 94' lang='lat' dir='ltr'>ut</span> <span class='ocrx_word' id='word_1_42' title='bbox 1246 474 1298 511; x_wconf 92' lang='lat' dir='ltr'>de</span> <span class='ocrx_word' id='word_1_43' title='bbox 1323 477 1500 517; x_wconf 71' lang='lat' dir='ltr'>caeteris,</span> <span class='ocrx_word' id='word_1_44' title='bbox 1525 486 1624 521; x_wconf 84' lang='lat' dir='ltr'>quae</span> <span class='ocrx_word' id='word_1_45' title='bbox 1647 478 1760 513; x_wconf 90' lang='lat' dir='ltr'>circa</span> 
     </span>
     <span class='ocr_line' id='line_1_9' title="bbox 107 522 1758 574; baseline 0.002 -11"><span class='ocrx_word' id='word_1_46' title='bbox 107 523 428 573; x_wconf 88' lang='lat' dir='ltr'>longitudinem</span> <span class='ocrx_word' id='word_1_47' title='bbox 444 522 483 561; x_wconf 91' lang='grc'>8(</span> <span class='ocrx_word' id='word_1_48' title='bbox 498 522 776 562; x_wconf 91' lang='lat' dir='ltr'>latitudinem</span> <span class='ocrx_word' id='word_1_49' title='bbox 792 523 932 562; x_wconf 84' lang='lat' dir='ltr'>Lunae</span> <span class='ocrx_word' id='word_1_50' title='bbox 952 527 1100 563; x_wconf 91' lang='lat' dir='ltr'>minus</span> <span class='ocrx_word' id='word_1_51' title='bbox 1121 525 1310 573; x_wconf 82' lang='lat' dir='ltr'>apposite</span> <span class='ocrx_word' id='word_1_52' title='bbox 1332 538 1407 574; x_wconf 93' lang='lat' dir='ltr'>per</span> <span class='ocrx_word' id='word_1_53' title='bbox 1427 528 1613 565; x_wconf 91' lang='lat' dir='ltr'>eandem</span> <span class='ocrx_word' id='word_1_54' title='bbox 1633 540 1758 566; x_wconf 80' lang='lat' dir='ltr'>excu-</span> 
     </span>
     <span class='ocr_line' id='line_1_10' title="bbox 108 576 1759 627; baseline 0.002 -10"><span class='ocrx_word' id='word_1_55' title='bbox 108 578 225 623; x_wconf 84' lang='lat' dir='ltr'>savit,</span> <span class='ocrx_word' id='word_1_56' title='bbox 241 589 321 626; x_wconf 93' lang='lat' dir='ltr'>pro</span> <span class='ocrx_word' id='word_1_57' title='bbox 332 582 379 615; x_wconf 91' lang='lat' dir='ltr'>ut</span> <span class='ocrx_word' id='word_1_58' title='bbox 391 588 445 615; x_wconf 82' lang='lat' dir='ltr'>ex</span> <span class='ocrx_word' id='word_1_59' title='bbox 460 576 755 624; x_wconf 86' lang='lat' dir='ltr'>superioribus</span> <span class='ocrx_word' id='word_1_60' title='bbox 766 576 914 624; x_wconf 91' lang='lat' dir='ltr'>liquet,</span> <span class='ocrx_word' id='word_1_61' title='bbox 932 577 1003 615; x_wconf 82' lang='lat' dir='ltr'>hic</span> <span class='ocrx_word' id='word_1_62' title='bbox 1016 578 1126 616; x_wconf 85' lang='lat' dir='ltr'>nihil</span> <span class='ocrx_word' id='word_1_63' title='bbox 1138 586 1343 626; x_wconf 88' lang='lat' dir='ltr'>repetam.</span> <span class='ocrx_word' id='word_1_64' title='bbox 1362 580 1565 627; x_wconf 87' lang='lat' dir='ltr'>Sequitur</span> <span class='ocrx_word' id='word_1_65' title='bbox 1578 584 1694 619; x_wconf 91' lang='lat' dir='ltr'>enim</span> <span class='ocrx_word' id='word_1_66' title='bbox 1707 594 1759 620; x_wconf 82' lang='lat' dir='ltr'>ex</span> 
     </span>
     <span class='ocr_line' id='line_1_11' title="bbox 109 629 1760 680; baseline 0.001 -10"><span class='ocrx_word' id='word_1_67' title='bbox 109 633 203 671; x_wconf 89' lang='lat' dir='ltr'>eius</span> <span class='ocrx_word' id='word_1_68' title='bbox 222 629 451 680; x_wconf 75' lang='lat' dir='ltr'>hypothesi</span> <span class='ocrx_word' id='word_1_69' title='bbox 466 630 619 674; x_wconf 85' lang='lat' dir='ltr'>Lunae,</span> <span class='ocrx_word' id='word_1_70' title='bbox 641 630 752 677; x_wconf 86' lang='lat' dir='ltr'>posse</span> <span class='ocrx_word' id='word_1_71' title='bbox 774 641 874 668; x_wconf 89' lang='lat' dir='ltr'>eam</span> <span class='ocrx_word' id='word_1_72' title='bbox 890 631 946 668; x_wconf 90' lang='lat' dir='ltr'>ad</span> <span class='ocrx_word' id='word_1_73' title='bbox 963 631 1004 669; x_wconf 84' lang='lat'>16</span> <span class='ocrx_word' id='word_1_74' title='bbox 1021 632 1258 679; x_wconf 91' lang='lat' dir='ltr'>completas</span> <span class='ocrx_word' id='word_1_75' title='bbox 1275 638 1401 671; x_wconf 83' lang='lat' dir='ltr'>terrae</span> <span class='ocrx_word' id='word_1_76' title='bbox 1418 633 1760 673; x_wconf 86' lang='lat' dir='ltr'>semidiametros</span> 
     </span>
     <span class='ocr_line' id='line_1_12' title="bbox 109 683 1637 735; baseline 0.001 -12"><span class='ocrx_word' id='word_1_77' title='bbox 109 684 354 724; x_wconf 83' lang='lat' dir='ltr'>distantiam</span> <span class='ocrx_word' id='word_1_78' title='bbox 369 683 493 722; x_wconf 91' lang='lat' dir='ltr'>suam</span> <span class='ocrx_word' id='word_1_79' title='bbox 509 684 708 727; x_wconf 87' lang='lat' dir='ltr'>alterare,</span> <span class='ocrx_word' id='word_1_80' title='bbox 726 685 797 721; x_wconf 92' lang='lat' dir='ltr'>cui</span> <span class='ocrx_word' id='word_1_81' title='bbox 814 686 1083 732; x_wconf 85' lang='lat' dir='ltr'>experientia</span> <span class='ocrx_word' id='word_1_82' title='bbox 1099 685 1352 724; x_wconf 91' lang='lat' dir='ltr'>nullatenus</span> <span class='ocrx_word' id='word_1_83' title='bbox 1369 686 1637 735; x_wconf 84' lang='lat' dir='ltr'>suffragatur.</span> 
     </span>
    </p>

    <p class='ocr_par' dir='ltr' id='par_1_6' title="bbox 109 737 1764 1426">
     <span class='ocr_line' id='line_1_13' title="bbox 163 737 1759 787; baseline 0.001 -10"><span class='ocrx_word' id='word_1_84' title='bbox 163 737 504 777; x_wconf 88' lang='lat' dir='ltr'>Observavimus</span> <span class='ocrx_word' id='word_1_85' title='bbox 516 738 635 775; x_wconf 91' lang='lat' dir='ltr'>enim</span> <span class='ocrx_word' id='word_1_86' title='bbox 646 748 740 780; x_wconf 91' lang='lat' dir='ltr'>nos,</span> <span class='ocrx_word' id='word_1_87' title='bbox 753 737 947 785; x_wconf 87' lang='lat' dir='ltr'>diligenti</span> <span class='ocrx_word' id='word_1_88' title='bbox 959 737 1154 776; x_wconf 92' lang='lat' dir='ltr'>adhibita</span> <span class='ocrx_word' id='word_1_89' title='bbox 1165 741 1339 782; x_wconf 89' lang='lat' dir='ltr'>trutina,</span> <span class='ocrx_word' id='word_1_90' title='bbox 1356 740 1383 784; x_wconf 76' lang='grc'>)&gt;</span> <span class='ocrx_word' id='word_1_91' title='bbox 1397 751 1497 777; x_wconf 92' lang='lat' dir='ltr'>cum</span> <span class='ocrx_word' id='word_1_92' title='bbox 1507 743 1551 778; x_wconf 91' lang='lat' dir='ltr'>in</span> <span class='ocrx_word' id='word_1_93' title='bbox 1562 740 1759 787; x_wconf 89' lang='lat' dir='ltr'>Quadra-</span> 
     </span>
     <span class='ocr_line' id='line_1_14' title="bbox 109 790 1759 838; baseline 0.001 -7"><span class='ocrx_word' id='word_1_94' title='bbox 109 793 217 831; x_wconf 89' lang='lat' dir='ltr'>turis</span> <span class='ocrx_word' id='word_1_95' title='bbox 235 793 430 830; x_wconf 79' lang='lat' dir='ltr'>maxime</span> <span class='ocrx_word' id='word_1_96' title='bbox 451 795 714 834; x_wconf 90' lang='lat' dir='ltr'>removetur,</span> <span class='ocrx_word' id='word_1_97' title='bbox 736 802 828 828; x_wconf 91' lang='lat' dir='ltr'>non</span> <span class='ocrx_word' id='word_1_98' title='bbox 848 790 1022 838; x_wconf 91' lang='lat' dir='ltr'>longius</span> <span class='ocrx_word' id='word_1_99' title='bbox 1039 792 1173 830; x_wconf 88' lang='lat' dir='ltr'>abesse</span> <span class='ocrx_word' id='word_1_100' title='bbox 1190 792 1262 831; x_wconf 67' lang='lat'>60}</span> <span class='ocrx_word' id='word_1_101' title='bbox 1278 792 1606 831; x_wconf 89' lang='lat' dir='ltr'>semidiametris</span> <span class='ocrx_word' id='word_1_102' title='bbox 1622 802 1759 832; x_wconf 84' lang='lat' dir='ltr'>terrae.</span> 
     </span>
     <span class='ocr_line' id='line_1_15' title="bbox 110 843 1760 893; baseline 0 -8"><span class='ocrx_word' id='word_1_103' title='bbox 110 844 228 885; x_wconf 92' lang='lat' dir='ltr'>Cum</span> <span class='ocrx_word' id='word_1_104' title='bbox 242 855 348 883; x_wconf 89' lang='lat' dir='ltr'>vero</span> <span class='ocrx_word' id='word_1_105' title='bbox 364 846 411 882; x_wconf 93' lang='lat' dir='ltr'>in</span> <span class='ocrx_word' id='word_1_106' title='bbox 426 843 578 882; x_wconf 93' lang='lat' dir='ltr'>iisdem</span> <span class='ocrx_word' id='word_1_107' title='bbox 593 845 797 892; x_wconf 82' lang='lat' dir='ltr'>proxima</span> <span class='ocrx_word' id='word_1_108' title='bbox 815 843 882 887; x_wconf 84' lang='lat' dir='ltr'>est,</span> <span class='ocrx_word' id='word_1_109' title='bbox 904 846 1163 883; x_wconf 86' lang='lat' dir='ltr'>viciniorem</span> <span class='ocrx_word' id='word_1_110' title='bbox 1179 857 1270 883; x_wconf 91' lang='lat' dir='ltr'>non</span> <span class='ocrx_word' id='word_1_111' title='bbox 1287 845 1393 889; x_wconf 90' lang='lat' dir='ltr'>fieri,</span> <span class='ocrx_word' id='word_1_112' title='bbox 1416 858 1550 893; x_wconf 91' lang='lat' dir='ltr'>quam</span> <span class='ocrx_word' id='word_1_113' title='bbox 1566 847 1760 885; x_wconf 88' lang='lat' dir='ltr'>semidia-</span> 
     </span>
     <span class='ocr_line' id='line_1_16' title="bbox 109 896 1761 948; baseline 0 -10"><span class='ocrx_word' id='word_1_114' title='bbox 109 900 258 938; x_wconf 90' lang='lat' dir='ltr'>metris</span> <span class='ocrx_word' id='word_1_115' title='bbox 277 897 364 943; x_wconf 62' lang='lat'>528,</span> <span class='ocrx_word' id='word_1_116' title='bbox 385 903 432 936; x_wconf 91' lang='lat' dir='ltr'>ut</span> <span class='ocrx_word' id='word_1_117' title='bbox 449 897 497 936; x_wconf 89' lang='lat' dir='ltr'>sit</span> <span class='ocrx_word' id='word_1_118' title='bbox 513 903 605 936; x_wconf 90' lang='lat' dir='ltr'>tota</span> <span class='ocrx_word' id='word_1_119' title='bbox 620 896 868 936; x_wconf 85' lang='lat' dir='ltr'>differentia</span> <span class='ocrx_word' id='word_1_120' title='bbox 884 899 1171 936; x_wconf 88' lang='lat' dir='ltr'>remotissimae</span> <span class='ocrx_word' id='word_1_121' title='bbox 1190 898 1227 936; x_wconf 93' lang='grc'>8(</span> <span class='ocrx_word' id='word_1_122' title='bbox 1243 901 1456 946; x_wconf 81' lang='lat' dir='ltr'>proximae</span> <span class='ocrx_word' id='word_1_123' title='bbox 1474 900 1761 948; x_wconf 90' lang='lat' dir='ltr'>elongationis</span> 
     </span>
     <span class='ocr_line' id='line_1_17' title="bbox 110 950 1760 1001; baseline 0 -10"><span class='ocrx_word' id='word_1_124' title='bbox 110 951 251 991; x_wconf 90' lang='lat' dir='ltr'>solum</span> <span class='ocrx_word' id='word_1_125' title='bbox 265 951 400 990; x_wconf 92' lang='lat' dir='ltr'>modo</span> <span class='ocrx_word' id='word_1_126' title='bbox 415 950 462 991; x_wconf 59' lang='lat'>8}</span> <span class='ocrx_word' id='word_1_127' title='bbox 477 950 916 995; x_wconf 91' lang='lat' dir='ltr'>semidiametrorum,</span> <span class='ocrx_word' id='word_1_128' title='bbox 939 963 1074 999; x_wconf 92' lang='lat' dir='ltr'>quam</span> <span class='ocrx_word' id='word_1_129' title='bbox 1095 964 1186 990; x_wconf 94' lang='lat' dir='ltr'>non</span> <span class='ocrx_word' id='word_1_130' title='bbox 1207 955 1422 990; x_wconf 91' lang='lat' dir='ltr'>maiorem</span> <span class='ocrx_word' id='word_1_131' title='bbox 1440 953 1509 991; x_wconf 93' lang='lat' dir='ltr'>sed</span> <span class='ocrx_word' id='word_1_132' title='bbox 1526 956 1670 1001; x_wconf 89' lang='lat' dir='ltr'>potius</span> <span class='ocrx_word' id='word_1_133' title='bbox 1686 954 1760 992; x_wconf 88' lang='lat' dir='ltr'>ali-</span> 
     </span>
     <span class='ocr_line' id='line_1_18' title="bbox 111 1004 1762 1054; baseline 0.001 -10"><span class='ocrx_word' id='word_1_134' title='bbox 111 1010 279 1054; x_wconf 85' lang='lat' dir='ltr'>quanto</span> <span class='ocrx_word' id='word_1_135' title='bbox 303 1007 524 1043; x_wconf 92' lang='lat' dir='ltr'>minorem</span> <span class='ocrx_word' id='word_1_136' title='bbox 547 1004 848 1043; x_wconf 83' lang='lat' dir='ltr'>Parallaxium</span> <span class='ocrx_word' id='word_1_137' title='bbox 873 1004 1197 1043; x_wconf 89' lang='lat' dir='ltr'>observationes</span> <span class='ocrx_word' id='word_1_138' title='bbox 1223 1008 1457 1053; x_wconf 92' lang='lat' dir='ltr'>patiuntur.</span> <span class='ocrx_word' id='word_1_139' title='bbox 1489 1008 1633 1054; x_wconf 84' lang='lat' dir='ltr'>Atque</span> <span class='ocrx_word' id='word_1_140' title='bbox 1662 1007 1762 1045; x_wconf 91' lang='lat' dir='ltr'>hinc</span> 
     </span>
     <span class='ocr_line' id='line_1_19' title="bbox 111 1057 1762 1108; baseline 0 -10"><span class='ocrx_word' id='word_1_141' title='bbox 111 1057 387 1098; x_wconf 82' lang='lat' dir='ltr'>manifestum</span> <span class='ocrx_word' id='word_1_142' title='bbox 399 1057 556 1102; x_wconf 86' lang='lat' dir='ltr'>evadit,</span> <span class='ocrx_word' id='word_1_143' title='bbox 574 1057 874 1106; x_wconf 90' lang='lat' dir='ltr'>Copernicum</span> <span class='ocrx_word' id='word_1_144' title='bbox 886 1058 1114 1096; x_wconf 86' lang='lat' dir='ltr'>discrimen</span> <span class='ocrx_word' id='word_1_145' title='bbox 1126 1058 1210 1096; x_wconf 93' lang='lat' dir='ltr'>hoc</span> <span class='ocrx_word' id='word_1_146' title='bbox 1223 1059 1356 1107; x_wconf 92' lang='lat' dir='ltr'>duplo</span> <span class='ocrx_word' id='word_1_147' title='bbox 1368 1060 1478 1107; x_wconf 83' lang='lat' dir='ltr'>plus,</span> <span class='ocrx_word' id='word_1_148' title='bbox 1492 1072 1626 1107; x_wconf 91' lang='lat' dir='ltr'>quam</span> <span class='ocrx_word' id='word_1_149' title='bbox 1638 1072 1762 1108; x_wconf 93' lang='lat' dir='ltr'>opor-</span> 
     </span>
     <span class='ocr_line' id='line_1_20' title="bbox 111 1111 1762 1160; baseline -0.001 -8"><span class='ocrx_word' id='word_1_150' title='bbox 111 1114 204 1157; x_wconf 90' lang='lat' dir='ltr'>tuit,</span> <span class='ocrx_word' id='word_1_151' title='bbox 227 1111 427 1156; x_wconf 88' lang='lat' dir='ltr'>dilatasse‚</span> <span class='ocrx_word' id='word_1_152' title='bbox 453 1117 550 1150; x_wconf 92' lang='lat' dir='ltr'>utut</span> <span class='ocrx_word' id='word_1_153' title='bbox 571 1113 607 1150; x_wconf 92' lang='lat' dir='ltr'>is</span> <span class='ocrx_word' id='word_1_154' title='bbox 629 1123 722 1149; x_wconf 93' lang='lat' dir='ltr'>non</span> <span class='ocrx_word' id='word_1_155' title='bbox 744 1111 935 1150; x_wconf 89' lang='lat' dir='ltr'>multum</span> <span class='ocrx_word' id='word_1_156' title='bbox 958 1112 1072 1150; x_wconf 93' lang='lat' dir='ltr'>ultra</span> <span class='ocrx_word' id='word_1_157' title='bbox 1095 1113 1326 1150; x_wconf 90' lang='lat' dir='ltr'>dimidium</span> <span class='ocrx_word' id='word_1_158' title='bbox 1350 1115 1455 1155; x_wconf 86' lang='lat' dir='ltr'>eius.</span> <span class='ocrx_word' id='word_1_159' title='bbox 1482 1114 1599 1160; x_wconf 89' lang='lat' dir='ltr'>quod</span> <span class='ocrx_word' id='word_1_160' title='bbox 1624 1114 1762 1151; x_wconf 87' lang='lat' dir='ltr'>Ptolo-</span> 
     </span>
     <span class='ocr_line' id='line_1_21' title="bbox 112 1164 1763 1212; baseline 0 -7"><span class='ocrx_word' id='word_1_161' title='bbox 112 1177 254 1205; x_wconf 84' lang='lat' dir='ltr'>maeus</span> <span class='ocrx_word' id='word_1_162' title='bbox 263 1165 489 1210; x_wconf 76' lang='lat' dir='ltr'>constituit,</span> <span class='ocrx_word' id='word_1_163' title='bbox 499 1165 690 1204; x_wconf 90' lang='lat' dir='ltr'>assumat.</span> <span class='ocrx_word' id='word_1_164' title='bbox 702 1164 805 1212; x_wconf 92' lang='lat' dir='ltr'>Quo</span> <span class='ocrx_word' id='word_1_165' title='bbox 814 1176 919 1203; x_wconf 88' lang='lat' dir='ltr'>vero</span> <span class='ocrx_word' id='word_1_166' title='bbox 930 1165 1072 1204; x_wconf 85' lang='lat' dir='ltr'>nostra</span> <span class='ocrx_word' id='word_1_167' title='bbox 1081 1168 1126 1203; x_wconf 94' lang='lat' dir='ltr'>in</span> <span class='ocrx_word' id='word_1_168' title='bbox 1136 1166 1343 1204; x_wconf 81' lang='lat' dir='ltr'>distantiis</span> <span class='ocrx_word' id='word_1_169' title='bbox 1352 1168 1380 1212; x_wconf 66' lang='grc' dir='ltr'>ί(</span> <span class='ocrx_word' id='word_1_170' title='bbox 1391 1166 1559 1205; x_wconf 90' lang='lat' dir='ltr'>aTerra</span> <span class='ocrx_word' id='word_1_171' title='bbox 1569 1167 1763 1205; x_wconf 89' lang='lat' dir='ltr'>observa-</span> 
     </span>
     <span class='ocr_line' id='line_1_22' title="bbox 111 1218 1764 1268; baseline -0.001 -9"><span class='ocrx_word' id='word_1_172' title='bbox 111 1219 304 1259; x_wconf 82' lang='lat' dir='ltr'>tionibus</span> <span class='ocrx_word' id='word_1_173' title='bbox 320 1218 359 1257; x_wconf 87' lang='lat'>&amp;</span> <span class='ocrx_word' id='word_1_174' title='bbox 374 1218 602 1268; x_wconf 86' lang='lat' dir='ltr'>hypothesi</span> <span class='ocrx_word' id='word_1_175' title='bbox 617 1225 843 1257; x_wconf 86' lang='lat' dir='ltr'>renovatae</span> <span class='ocrx_word' id='word_1_176' title='bbox 862 1219 1134 1257; x_wconf 91' lang='lat' dir='ltr'>consentiens</span> <span class='ocrx_word' id='word_1_177' title='bbox 1156 1222 1278 1261; x_wconf 81' lang='lat' dir='ltr'>ratio,</span> <span class='ocrx_word' id='word_1_178' title='bbox 1300 1226 1431 1267; x_wconf 89' lang='lat' dir='ltr'>atque</span> <span class='ocrx_word' id='word_1_179' title='bbox 1453 1220 1643 1258; x_wconf 91' lang='lat' dir='ltr'>eiusdem</span> <span class='ocrx_word' id='word_1_180' title='bbox 1665 1232 1764 1258; x_wconf 92' lang='lat' dir='ltr'>cum</span> 
     </span>
     <span class='ocr_line' id='line_1_23' title="bbox 113 1271 1764 1320; baseline -0.001 -8"><span class='ocrx_word' id='word_1_181' title='bbox 113 1273 342 1312; x_wconf 88' lang='lat' dir='ltr'>Ptolomaei</span> <span class='ocrx_word' id='word_1_182' title='bbox 358 1271 396 1310; x_wconf 87' lang='lat'>&amp;</span> <span class='ocrx_word' id='word_1_183' title='bbox 413 1272 649 1320; x_wconf 85' lang='lat' dir='ltr'>Coperm&#39;ci</span> <span class='ocrx_word' id='word_1_184' title='bbox 666 1272 835 1320; x_wconf 90' lang='lat' dir='ltr'>placitis</span> <span class='ocrx_word' id='word_1_185' title='bbox 850 1272 1025 1311; x_wconf 91' lang='lat' dir='ltr'>collatio</span> <span class='ocrx_word' id='word_1_186' title='bbox 1041 1275 1256 1320; x_wconf 86' lang='lat' dir='ltr'>promtius</span> <span class='ocrx_word' id='word_1_187' title='bbox 1272 1279 1428 1320; x_wconf 84' lang='lat' dir='ltr'>pateat.</span> <span class='ocrx_word' id='word_1_188' title='bbox 1446 1273 1652 1312; x_wconf 89' lang='lat' dir='ltr'>tabellam</span> <span class='ocrx_word' id='word_1_189' title='bbox 1669 1274 1764 1311; x_wconf 81' lang='lat' dir='ltr'>haec</span> 
     </span>
     <span class='ocr_line' id='line_1_24' title="bbox 113 1325 1763 1375; baseline -0.001 -9"><span class='ocrx_word' id='word_1_190' title='bbox 113 1328 266 1366; x_wconf 89' lang='lat' dir='ltr'>omnia</span> <span class='ocrx_word' id='word_1_191' title='bbox 281 1325 594 1374; x_wconf 82' lang='lat' dir='ltr'>explanantem</span> <span class='ocrx_word' id='word_1_192' title='bbox 609 1325 801 1371; x_wconf 88' lang='lat' dir='ltr'>subiicio‚</span> <span class='ocrx_word' id='word_1_193' title='bbox 823 1337 924 1373; x_wconf 88' lang='lat' dir='ltr'>quae</span> <span class='ocrx_word' id='word_1_194' title='bbox 941 1338 1031 1365; x_wconf 93' lang='lat' dir='ltr'>una</span> <span class='ocrx_word' id='word_1_195' title='bbox 1048 1326 1345 1365; x_wconf 80' lang='lat' dir='ltr'>Parallaxium</span> <span class='ocrx_word' id='word_1_196' title='bbox 1363 1326 1399 1364; x_wconf 91' lang='grc'>8(</span> <span class='ocrx_word' id='word_1_197' title='bbox 1417 1327 1615 1365; x_wconf 91' lang='lat' dir='ltr'>diametri</span> <span class='ocrx_word' id='word_1_198' title='bbox 1633 1339 1763 1375; x_wconf 91' lang='lat' dir='ltr'>appa-</span> 
     </span>
     <span class='ocr_line' id='line_1_25' title="bbox 113 1379 846 1426; baseline -0.003 -6"><span class='ocrx_word' id='word_1_199' title='bbox 113 1382 247 1420; x_wconf 88' lang='lat' dir='ltr'>rentis</span> <span class='ocrx_word' id='word_1_200' title='bbox 262 1381 292 1426; x_wconf 75' lang='grc' dir='ltr'>(ζ</span> <span class='ocrx_word' id='word_1_201' title='bbox 311 1379 576 1418; x_wconf 87' lang='lat' dir='ltr'>diversitates</span> <span class='ocrx_word' id='word_1_202' title='bbox 591 1379 846 1418; x_wconf 82' lang='lat' dir='ltr'>manifestat.</span> 
     </span>
    </p>
   </div>
   <div class='ocr_carea' id='block_1_6' title="bbox 131 1503 914 1633">
    <p class='ocr_par' dir='ltr' id='par_1_7' title="bbox 131 1503 914 1633">
     <span class='ocr_line' id='line_1_26' title="bbox 131 1503 914 1553; baseline -0.001 -18"><span class='ocrx_word' id='word_1_203' title='bbox 131 1503 264 1536; x_wconf 85' lang='lat' dir='ltr'>Variae</span> <span class='ocrx_word' id='word_1_204' title='bbox 281 1503 548 1553; x_wconf 79' lang='lat' dir='ltr'>dispositiones</span> <span class='ocrx_word' id='word_1_205' title='bbox 612 1521 725 1552; x_wconf 64' lang='lat' dir='ltr'>quta</span> <span class='ocrx_word' id='word_1_206' title='bbox 742 1520 914 1552; x_wconf 68' lang='lat' dir='ltr'>nostram</span> 
     </span>
     <span class='ocr_line' id='line_1_27' title="bbox 208 1548 472 1580; baseline -0.004 0"><span class='ocrx_word' id='word_1_207' title='bbox 208 1548 334 1580; x_wconf 86' lang='lat' dir='ltr'>Lunae</span> <span class='ocrx_word' id='word_1_208' title='bbox 349 1556 387 1579; x_wconf 86' lang='lat' dir='ltr'>m</span> <span class='ocrx_word' id='word_1_209' title='bbox 404 1548 472 1579; x_wconf 86' lang='lat' dir='ltr'>sua</span> 
     </span>
     <span class='ocr_line' id='line_1_28' title="bbox 235 1592 442 1633; baseline 0 -9"><span class='ocrx_word' id='word_1_210' title='bbox 235 1592 442 1633; x_wconf 85' lang='lat' dir='ltr'>hypothesi</span> 
     </span>
    </p>
   </div>
   <div class='ocr_carea' id='block_1_7' title="bbox 629 1521 1688 1606">
    <p class='ocr_par' dir='ltr' id='par_1_8' title="bbox 629 1521 1688 1606">
     <span class='ocr_line' id='line_1_29' title="bbox 1109 1521 1615 1552; baseline -0.002 0"><span class='ocrx_word' id='word_1_211' title='bbox 1109 1521 1221 1552; x_wconf 85' lang='lat' dir='ltr'>quta</span> <span class='ocrx_word' id='word_1_212' title='bbox 1504 1521 1615 1551; x_wconf 86' lang='lat' dir='ltr'>quta</span> 
     </span>
     <span class='ocr_line' id='line_1_30' title="bbox 629 1565 1688 1606; baseline -0.001 -9"><span class='ocrx_word' id='word_1_213' title='bbox 629 1565 899 1597; x_wconf 86' lang='lat' dir='ltr'>inuentionem</span> <span class='ocrx_word' id='word_1_214' title='bbox 1033 1566 1295 1606; x_wconf 88' lang='lat' dir='ltr'>Copernicum</span> <span class='ocrx_word' id='word_1_215' title='bbox 1430 1565 1688 1596; x_wconf 64' lang='lat' dir='ltr'>Ptolomaeum</span> 
     </span>
    </p>
   </div>
   <div class='ocr_carea' id='block_1_8' title="bbox 134 1672 1705 1742">
    <p class='ocr_par' dir='ltr' id='par_1_9' title="bbox 134 1672 1705 1742">
     <span class='ocr_line' id='line_1_31' title="bbox 306 1672 1705 1705; baseline -0.001 -6"><span class='ocrx_word' id='word_1_216' title='bbox 306 1699 312 1705; x_wconf 70' lang='grc'><strong>,</strong></span> <span class='ocrx_word' id='word_1_217' title='bbox 513 1699 518 1705; x_wconf 78' lang='grc'><strong>,</strong></span> <span class='ocrx_word' id='word_1_218' title='bbox 595 1673 666 1699; x_wconf 79' lang='lat' dir='ltr'>Dist.</span> <span class='ocrx_word' id='word_1_219' title='bbox 724 1674 807 1699; x_wconf 82' lang='lat' dir='ltr'>Para.</span> <span class='ocrx_word' id='word_1_220' title='bbox 848 1673 949 1699; x_wconf 81' lang='lat' dir='ltr'>Diam.</span> <span class='ocrx_word' id='word_1_221' title='bbox 997 1673 1067 1699; x_wconf 80' lang='lat' dir='ltr'>Dist.</span> <span class='ocrx_word' id='word_1_222' title='bbox 1127 1674 1207 1699; x_wconf 79' lang='lat' dir='ltr'>Para.</span> <span class='ocrx_word' id='word_1_223' title='bbox 1249 1673 1348 1699; x_wconf 84' lang='lat' dir='ltr'>Diam.</span> <span class='ocrx_word' id='word_1_224' title='bbox 1397 1672 1466 1698; x_wconf 78' lang='lat' dir='ltr'>Dm.</span> <span class='ocrx_word' id='word_1_225' title='bbox 1525 1673 1605 1698; x_wconf 80' lang='lat' dir='ltr'>Para.</span> <span class='ocrx_word' id='word_1_226' title='bbox 1678 1681 1705 1698; x_wconf 75' lang='lat'>13</span> 
     </span>
     <span class='ocr_line' id='line_1_32' title="bbox 134 1699 1679 1742; baseline -0.001 -8"><span class='ocrx_word' id='word_1_227' title='bbox 134 1699 548 1738; x_wconf 58' lang='lat' dir='ltr'>«rem0t1ss·PtOIO-ln</span> <span class='ocrx_word' id='word_1_228' title='bbox 590 1709 621 1735; x_wconf 89' lang='lat' dir='ltr'>in</span> <span class='ocrx_word' id='word_1_229' title='bbox 637 1709 672 1735; x_wconf 89' lang='lat' dir='ltr'>se.</span> <span class='ocrx_word' id='word_1_230' title='bbox 714 1709 817 1735; x_wconf 82' lang='lat' dir='ltr'>Horiz.</span> <span class='ocrx_word' id='word_1_231' title='bbox 864 1718 933 1742; x_wconf 87' lang='lat' dir='ltr'>app.</span> <span class='ocrx_word' id='word_1_232' title='bbox 991 1709 1022 1735; x_wconf 89' lang='lat' dir='ltr'>in</span> <span class='ocrx_word' id='word_1_233' title='bbox 1039 1709 1074 1734; x_wconf 81' lang='lat' dir='ltr'>se.</span> <span class='ocrx_word' id='word_1_234' title='bbox 1110 1709 1220 1735; x_wconf 83' lang='lat' dir='ltr'>inHor.</span> <span class='ocrx_word' id='word_1_235' title='bbox 1265 1717 1333 1741; x_wconf 84' lang='lat' dir='ltr'>app.</span> <span class='ocrx_word' id='word_1_236' title='bbox 1391 1708 1421 1734; x_wconf 87' lang='lat' dir='ltr'>in</span> <span class='ocrx_word' id='word_1_237' title='bbox 1439 1708 1472 1734; x_wconf 87' lang='lat' dir='ltr'>se.</span> <span class='ocrx_word' id='word_1_238' title='bbox 1509 1709 1618 1733; x_wconf 70' lang='lat' dir='ltr'>inHor,</span> <span class='ocrx_word' id='word_1_239' title='bbox 1664 1716 1679 1733; x_wconf 85' lang='lat' dir='ltr'>a</span> 
     </span>
    </p>
   </div>
   <div class='ocr_carea' id='block_1_9' title="bbox 168 1744 1748 1831">
    <p class='ocr_par' dir='ltr' id='par_1_10' title="bbox 168 1744 1748 1831">
     <span class='ocr_line' id='line_1_33' title="bbox 171 1744 548 1785; baseline -0.003 -9"><span class='ocrx_word' id='word_1_240' title='bbox 171 1744 548 1785; x_wconf 71' lang='lat' dir='ltr'>0‘&amp;&lt;5&gt;:C0pern.&amp;</span> 
     </span>
     <span class='ocr_line' id='line_1_34' title="bbox 168 1787 1748 1831; baseline -0.002 -11"><span class='ocrx_word' id='word_1_241' title='bbox 168 1788 393 1831; x_wconf 69' lang='lat' dir='ltr'>nobisinffl</span> <span class='ocrx_word' id='word_1_242' title='bbox 577 1788 683 1820; x_wconf 85' lang='grc'>6036</span> <span class='ocrx_word' id='word_1_243' title='bbox 711 1788 888 1820; x_wconf 83' lang='grc'>564432</span> <span class='ocrx_word' id='word_1_244' title='bbox 930 1789 950 1820; x_wconf 97' lang='lat'>0</span> <span class='ocrx_word' id='word_1_245' title='bbox 979 1788 1217 1819; x_wconf 83' lang='lat'>68215019</span> <span class='ocrx_word' id='word_1_246' title='bbox 1246 1788 1349 1819; x_wconf 79' lang='lat'>2740</span> <span class='ocrx_word' id='word_1_247' title='bbox 1379 1787 1482 1819; x_wconf 83' lang='lat'>6410</span> <span class='ocrx_word' id='word_1_248' title='bbox 1534 1787 1615 1818; x_wconf 80' lang='lat'>054</span> <span class='ocrx_word' id='word_1_249' title='bbox 1645 1787 1686 1818; x_wconf 84' lang='lat'>29</span> <span class='ocrx_word' id='word_1_250' title='bbox 1729 1787 1748 1817; x_wconf 96' lang='lat' dir='ltr'>O</span> 
     </span>
    </p>
   </div>
   <div class='ocr_carea' id='block_1_10' title="bbox 134 1840 1748 1890">
    <p class='ocr_par' dir='ltr' id='par_1_11' title="bbox 134 1840 1748 1890">
     <span class='ocr_line' id='line_1_35' title="bbox 134 1840 1748 1890; baseline -0.002 -16"><span class='ocrx_word' id='word_1_251' title='bbox 134 1841 542 1883; x_wconf 66' lang='lat' dir='ltr'>(remotiss.ind&amp;d&gt;</span> <span class='ocrx_word' id='word_1_252' title='bbox 578 1842 620 1874; x_wconf 90' lang='grc'>58</span> <span class='ocrx_word' id='word_1_253' title='bbox 662 1842 682 1873; x_wconf 91' lang='grc'><strong>8</strong></span> <span class='ocrx_word' id='word_1_254' title='bbox 711 1842 754 1873; x_wconf 88' lang='grc'>59</span> <span class='ocrx_word' id='word_1_255' title='bbox 796 1842 887 1890; x_wconf 15' lang='grc'>9733</span> <span class='ocrx_word' id='word_1_256' title='bbox 930 1842 950 1873; x_wconf 87' lang='grc'>9</span> <span class='ocrx_word' id='word_1_257' title='bbox 975 1842 1021 1890; x_wconf 74' lang='grc'>65</span> <span class='ocrx_word' id='word_1_258' title='bbox 1041 1842 1083 1873; x_wconf 84' lang='grc'>30</span> <span class='ocrx_word' id='word_1_259' title='bbox 1113 1842 1154 1890; x_wconf 68' lang='lat'>52</span> <span class='ocrx_word' id='word_1_260' title='bbox 1175 1841 1217 1873; x_wconf 81' lang='lat'>56</span> <span class='ocrx_word' id='word_1_261' title='bbox 1245 1841 1287 1873; x_wconf 91' lang='lat'>30</span> <span class='ocrx_word' id='word_1_262' title='bbox 1330 1841 1350 1872; x_wconf 93' lang='grc' dir='ltr'><strong>Ο</strong></span> <span class='ocrx_word' id='word_1_263' title='bbox 1379 1841 1420 1872; x_wconf 82' lang='lat'>43</span> <span class='ocrx_word' id='word_1_264' title='bbox 1442 1841 1481 1872; x_wconf 88' lang='grc'>53</span> <span class='ocrx_word' id='word_1_265' title='bbox 1539 1840 1615 1871; x_wconf 87' lang='grc'>118</span> <span class='ocrx_word' id='word_1_266' title='bbox 1645 1840 1686 1871; x_wconf 86' lang='lat'>42</span> <span class='ocrx_word' id='word_1_267' title='bbox 1729 1840 1748 1871; x_wconf 88' lang='lat'>8</span> 
     </span>
    </p>
   </div>
   <div class='ocr_carea' id='block_1_11' title="bbox 133 1888 1748 2005">
    <p class='ocr_par' dir='ltr' id='par_1_12' title="bbox 133 1888 1748 2005">
     <span class='ocr_line' id='line_1_36' title="bbox 133 1888 1748 1937; baseline -0.002 -1"><span class='ocrx_word' id='word_1_268' title='bbox 133 1903 265 1937; x_wconf 74' lang='lat' dir='ltr'>Media</span> <span class='ocrx_word' id='word_1_269' title='bbox 281 1904 462 1936; x_wconf 77' lang='lat' dir='ltr'>distantia</span> <span class='ocrx_word' id='word_1_270' title='bbox 578 1905 620 1936; x_wconf 97' lang='lat'>56</span> <span class='ocrx_word' id='word_1_271' title='bbox 640 1889 686 1937; x_wconf 77' lang='lat'>36</span> <span class='ocrx_word' id='word_1_272' title='bbox 711 1890 812 1936; x_wconf 83' lang='lat'>6051</span> <span class='ocrx_word' id='word_1_273' title='bbox 845 1905 888 1936; x_wconf 88' lang='grc'>34</span> <span class='ocrx_word' id='word_1_274' title='bbox 931 1904 950 1936; x_wconf 94' lang='grc'>0</span> <span class='ocrx_word' id='word_1_275' title='bbox 980 1904 1021 1935; x_wconf 88' lang='grc'>60</span> <span class='ocrx_word' id='word_1_276' title='bbox 1042 1904 1084 1935; x_wconf 80' lang='grc'>29</span> <span class='ocrx_word' id='word_1_277' title='bbox 1111 1889 1216 1935; x_wconf 50' lang='grc'>’5825</span> <span class='ocrx_word' id='word_1_278' title='bbox 1246 1888 1356 1935; x_wconf 64' lang='grc'>3250</span> <span class='ocrx_word' id='word_1_279' title='bbox 1379 1903 1420 1934; x_wconf 80' lang='grc'>48</span> <span class='ocrx_word' id='word_1_280' title='bbox 1441 1904 1476 1934; x_wconf 91' lang='lat'>51</span> <span class='ocrx_word' id='word_1_281' title='bbox 1539 1903 1547 1933; x_wconf 92' lang='lat'>1</span> <span class='ocrx_word' id='word_1_282' title='bbox 1578 1902 1615 1933; x_wconf 92' lang='lat'>10</span> <span class='ocrx_word' id='word_1_283' title='bbox 1644 1902 1685 1933; x_wconf 91' lang='lat'>38</span> <span class='ocrx_word' id='word_1_284' title='bbox 1706 1902 1748 1933; x_wconf 89' lang='lat'>42</span> 
     </span>
     <span class='ocr_line' id='line_1_37' title="bbox 134 1955 1747 2005; baseline -0.002 -15"><span class='ocrx_word' id='word_1_285' title='bbox 134 1957 546 1999; x_wconf 65' lang='lat' dir='ltr'>(m6&amp;&lt;9proxi.Ter.</span> <span class='ocrx_word' id='word_1_286' title='bbox 577 1958 620 1990; x_wconf 83' lang='lat'>54</span> <span class='ocrx_word' id='word_1_287' title='bbox 640 1958 682 1990; x_wconf 88' lang='lat'>52</span> <span class='ocrx_word' id='word_1_288' title='bbox 711 1958 748 1990; x_wconf 90' lang='lat'>61</span> <span class='ocrx_word' id='word_1_289' title='bbox 774 1958 816 1990; x_wconf 88' lang='lat'>39</span> <span class='ocrx_word' id='word_1_290' title='bbox 845 1958 888 1990; x_wconf 87' lang='grc'>34</span> <span class='ocrx_word' id='word_1_291' title='bbox 908 1957 950 1989; x_wconf 79' lang='grc'>48</span> <span class='ocrx_word' id='word_1_292' title='bbox 980 1959 1021 1989; x_wconf 92' lang='grc'>55</span> <span class='ocrx_word' id='word_1_293' title='bbox 1064 1957 1084 1989; x_wconf 97' lang='lat'>8</span> <span class='ocrx_word' id='word_1_294' title='bbox 1113 1957 1154 1988; x_wconf 86' lang='lat'>62</span> <span class='ocrx_word' id='word_1_295' title='bbox 1175 1958 1217 1988; x_wconf 85' lang='lat'>54</span> <span class='ocrx_word' id='word_1_296' title='bbox 1246 1957 1287 1988; x_wconf 89' lang='lat'>35</span> <span class='ocrx_word' id='word_1_297' title='bbox 1308 1957 1350 2005; x_wconf 83' lang='grc'>40</span> <span class='ocrx_word' id='word_1_298' title='bbox 1379 1957 1420 1988; x_wconf 89' lang='lat'>53</span> <span class='ocrx_word' id='word_1_299' title='bbox 1441 1956 1482 1987; x_wconf 92' lang='lat'>50</span> <span class='ocrx_word' id='word_1_300' title='bbox 1538 1957 1547 1986; x_wconf 94' lang='lat'>1</span> <span class='ocrx_word' id='word_1_301' title='bbox 1596 1956 1615 1986; x_wconf 84' lang='lat'>4</span> <span class='ocrx_word' id='word_1_302' title='bbox 1644 1955 1686 1987; x_wconf 89' lang='grc'>36</span> <span class='ocrx_word' id='word_1_303' title='bbox 1729 1955 1747 1986; x_wconf 90' lang='lat'>8</span> 
     </span>
    </p>
   </div>
   <div class='ocr_carea' id='block_1_12' title="bbox 133 2004 1747 2106">
    <p class='ocr_par' dir='ltr' id='par_1_13' title="bbox 133 2004 1747 2106">
     <span class='ocr_line' id='line_1_38' title="bbox 134 2004 1747 2063; baseline -0.004 -10"><span class='ocrx_word' id='word_1_304' title='bbox 134 2020 546 2063; x_wconf 70' lang='lat' dir='ltr'>(mfflproximarer.</span> <span class='ocrx_word' id='word_1_305' title='bbox 578 2021 620 2052; x_wconf 88' lang='lat'>52</span> <span class='ocrx_word' id='word_1_306' title='bbox 640 2006 683 2052; x_wconf 85' lang='grc'>24</span> <span class='ocrx_word' id='word_1_307' title='bbox 712 2020 754 2052; x_wconf 91' lang='grc'>65</span> <span class='ocrx_word' id='word_1_308' title='bbox 774 2005 824 2052; x_wconf 85' lang='grc'>36</span> <span class='ocrx_word' id='word_1_309' title='bbox 846 2005 888 2052; x_wconf 81' lang='grc'>36</span> <span class='ocrx_word' id='word_1_310' title='bbox 931 2020 950 2051; x_wconf 92' lang='grc'>0</span> <span class='ocrx_word' id='word_1_311' title='bbox 974 2005 1023 2051; x_wconf 59' lang='grc'>’52</span> <span class='ocrx_word' id='word_1_312' title='bbox 1046 2020 1082 2051; x_wconf 88' lang='lat'>17</span> <span class='ocrx_word' id='word_1_313' title='bbox 1113 2004 1223 2051; x_wconf 69' lang='lat'>65218</span> <span class='ocrx_word' id='word_1_314' title='bbox 1246 2004 1288 2051; x_wconf 84' lang='lat'>36</span> <span class='ocrx_word' id='word_1_315' title='bbox 1320 2004 1349 2050; x_wconf 56' lang='lat'>‘8</span> <span class='ocrx_word' id='word_1_316' title='bbox 1379 2018 1420 2050; x_wconf 90' lang='grc'>33</span> <span class='ocrx_word' id='word_1_317' title='bbox 1441 2018 1481 2050; x_wconf 89' lang='grc'>33</span> <span class='ocrx_word' id='word_1_318' title='bbox 1538 2019 1548 2048; x_wconf 94' lang='lat'>1</span> <span class='ocrx_word' id='word_1_319' title='bbox 1573 2018 1614 2048; x_wconf 92' lang='grc'>42</span> <span class='ocrx_word' id='word_1_320' title='bbox 1645 2019 1685 2048; x_wconf 91' lang='grc'>55</span> <span class='ocrx_word' id='word_1_321' title='bbox 1728 2017 1747 2047; x_wconf 94' lang='grc'>0</span> 
     </span>
     <span class='ocr_line' id='line_1_39' title="bbox 133 2070 1747 2106; baseline -0.002 -1"><span class='ocrx_word' id='word_1_322' title='bbox 133 2073 366 2106; x_wconf 83' lang='lat' dir='ltr'>Differentia</span> <span class='ocrx_word' id='word_1_323' title='bbox 600 2074 683 2106; x_wconf 88' lang='lat'>812</span> <span class='ocrx_word' id='word_1_324' title='bbox 735 2074 817 2105; x_wconf 87' lang='lat'>852</span> <span class='ocrx_word' id='word_1_325' title='bbox 868 2074 888 2105; x_wconf 88' lang='grc'>4</span> <span class='ocrx_word' id='word_1_326' title='bbox 930 2073 950 2105; x_wconf 96' lang='grc'>0</span> <span class='ocrx_word' id='word_1_327' title='bbox 983 2073 1022 2104; x_wconf 88' lang='lat'>16</span> <span class='ocrx_word' id='word_1_328' title='bbox 1064 2074 1084 2104; x_wconf 89' lang='grc'>4</span> <span class='ocrx_word' id='word_1_329' title='bbox 1117 2074 1154 2104; x_wconf 91' lang='lat'>15</span> <span class='ocrx_word' id='word_1_330' title='bbox 1175 2073 1217 2104; x_wconf 81' lang='lat'>29</span> <span class='ocrx_word' id='word_1_331' title='bbox 1269 2072 1349 2103; x_wconf 89' lang='lat'>828</span> <span class='ocrx_word' id='word_1_332' title='bbox 1379 2072 1420 2103; x_wconf 90' lang='lat'>30</span> <span class='ocrx_word' id='word_1_333' title='bbox 1441 2072 1481 2103; x_wconf 85' lang='lat'>37</span> <span class='ocrx_word' id='word_1_334' title='bbox 1533 2070 1614 2102; x_wconf 82' lang='grc'>048</span> <span class='ocrx_word' id='word_1_335' title='bbox 1644 2071 1685 2101; x_wconf 89' lang='grc'>26</span> <span class='ocrx_word' id='word_1_336' title='bbox 1728 2070 1747 2101; x_wconf 96' lang='grc'>0</span> 
     </span>
    </p>
   </div>
   <div class='ocr_carea' id='block_1_13' title="bbox 198 1886 931 1892">
    <p class='ocr_par' dir='ltr' id='par_1_14' title="bbox 198 1886 931 1892">
     <span class='ocr_line' id='line_1_40' title="bbox 198 1886 931 1892; baseline 0 0"><span class='ocrx_word' id='word_1_337' title='bbox 198 1886 931 1892; x_wconf 95' lang='lat' dir='ltr'> </span> 
     </span>
    </p>
   </div>
   <div class='ocr_carea' id='block_1_14' title="bbox 278 2001 1210 2007">
    <p class='ocr_par' dir='ltr' id='par_1_15' title="bbox 278 2001 1210 2007">
     <span class='ocr_line' id='line_1_41' title="bbox 278 2001 1210 2007; baseline 0 0"><span class='ocrx_word' id='word_1_338' title='bbox 278 2001 1210 2007; x_wconf 95' lang='lat' dir='ltr'> </span> 
     </span>
    </p>
   </div>
   <div class='ocr_carea' id='block_1_15' title="bbox 115 2179 1766 2498">
    <p class='ocr_par' dir='ltr' id='par_1_16' title="bbox 115 2179 1766 2498">
     <span class='ocr_line' id='line_1_42' title="bbox 169 2179 1766 2231; baseline -0.004 -9"><span class='ocrx_word' id='word_1_339' title='bbox 169 2182 234 2221; x_wconf 86' lang='lat' dir='ltr'>Ex</span> <span class='ocrx_word' id='word_1_340' title='bbox 245 2194 334 2231; x_wconf 93' lang='lat' dir='ltr'>quo</span> <span class='ocrx_word' id='word_1_341' title='bbox 346 2185 495 2231; x_wconf 91' lang='lat' dir='ltr'>itaque</span> <span class='ocrx_word' id='word_1_342' title='bbox 507 2183 635 2222; x_wconf 86' lang='lat' dir='ltr'>Luna</span> <span class='ocrx_word' id='word_1_343' title='bbox 646 2182 794 2221; x_wconf 87' lang='lat' dir='ltr'>Terrae</span> <span class='ocrx_word' id='word_1_344' title='bbox 807 2194 898 2221; x_wconf 90' lang='lat' dir='ltr'>non</span> <span class='ocrx_word' id='word_1_345' title='bbox 910 2182 1115 2221; x_wconf 93' lang='lat' dir='ltr'>reddatur</span> <span class='ocrx_word' id='word_1_346' title='bbox 1127 2183 1316 2229; x_wconf 81' lang='lat' dir='ltr'>propior.</span> <span class='ocrx_word' id='word_1_347' title='bbox 1335 2192 1469 2228; x_wconf 91' lang='lat' dir='ltr'>quam</span> <span class='ocrx_word' id='word_1_348' title='bbox 1486 2179 1704 2217; x_wconf 82' lang='lat' dir='ltr'>interstitio</span> <span class='ocrx_word' id='word_1_349' title='bbox 1717 2179 1766 2217; x_wconf 86' lang='lat'>52</span> 
     </span>
     <span class='ocr_line' id='line_1_43' title="bbox 115 2232 1766 2284; baseline -0.004 -9"><span class='ocrx_word' id='word_1_350' title='bbox 115 2234 275 2275; x_wconf 87' lang='lat' dir='ltr'>Semid.</span> <span class='ocrx_word' id='word_1_351' title='bbox 292 2247 373 2274; x_wconf 89' lang='lat' dir='ltr'>nec</span> <span class='ocrx_word' id='word_1_352' title='bbox 388 2239 598 2275; x_wconf 89' lang='lat' dir='ltr'>remotior</span> <span class='ocrx_word' id='word_1_353' title='bbox 614 2248 750 2284; x_wconf 89' lang='lat' dir='ltr'>quam</span> <span class='ocrx_word' id='word_1_354' title='bbox 766 2237 807 2275; x_wconf 94' lang='grc'>61</span> <span class='ocrx_word' id='word_1_355' title='bbox 824 2236 969 2274; x_wconf 91' lang='lat' dir='ltr'>semid.</span> <span class='ocrx_word' id='word_1_356' title='bbox 987 2235 1205 2274; x_wconf 91' lang='lat' dir='ltr'>Tabulam</span> <span class='ocrx_word' id='word_1_357' title='bbox 1222 2234 1518 2272; x_wconf 80' lang='lat' dir='ltr'>Parallaxium</span> <span class='ocrx_word' id='word_1_358' title='bbox 1535 2232 1766 2270; x_wconf 82' lang='lat' dir='ltr'>construxi-</span> 
     </span>
     <span class='ocr_line' id='line_1_44' title="bbox 115 2285 1765 2339; baseline -0.004 -10"><span class='ocrx_word' id='word_1_359' title='bbox 115 2300 215 2328; x_wconf 88' lang='lat' dir='ltr'>mus</span> <span class='ocrx_word' id='word_1_360' title='bbox 229 2289 286 2328; x_wconf 88' lang='lat' dir='ltr'>ad</span> <span class='ocrx_word' id='word_1_361' title='bbox 302 2289 490 2339; x_wconf 84' lang='lat' dir='ltr'>singulas</span> <span class='ocrx_word' id='word_1_362' title='bbox 505 2289 851 2328; x_wconf 90' lang='lat' dir='ltr'>semidiametros</span> <span class='ocrx_word' id='word_1_363' title='bbox 868 2291 1124 2327; x_wconf 90' lang='lat' dir='ltr'>remotionis</span> <span class='ocrx_word' id='word_1_364' title='bbox 1139 2291 1232 2326; x_wconf 90' lang='lat' dir='ltr'>eius</span> <span class='ocrx_word' id='word_1_365' title='bbox 1247 2287 1358 2325; x_wconf 90' lang='lat' dir='ltr'>hisce</span> <span class='ocrx_word' id='word_1_366' title='bbox 1371 2289 1566 2325; x_wconf 91' lang='lat' dir='ltr'>terminis</span> <span class='ocrx_word' id='word_1_367' title='bbox 1579 2285 1765 2326; x_wconf 82' lang='lat' dir='ltr'>inclusae.</span> 
     </span>
     <span class='ocr_line' id='line_1_45' title="bbox 117 2338 1766 2392; baseline -0.004 -11"><span class='ocrx_word' id='word_1_368' title='bbox 117 2341 156 2380; x_wconf 82' lang='lat'>&amp;</span> <span class='ocrx_word' id='word_1_369' title='bbox 165 2343 222 2382; x_wconf 87' lang='lat' dir='ltr'>ad</span> <span class='ocrx_word' id='word_1_370' title='bbox 233 2354 388 2382; x_wconf 92' lang='lat' dir='ltr'>omnes</span> <span class='ocrx_word' id='word_1_371' title='bbox 399 2344 559 2392; x_wconf 90' lang='lat' dir='ltr'>gradus</span> <span class='ocrx_word' id='word_1_372' title='bbox 571 2344 829 2391; x_wconf 91' lang='lat' dir='ltr'>quadrantis</span> <span class='ocrx_word' id='word_1_373' title='bbox 841 2343 896 2381; x_wconf 91' lang='lat' dir='ltr'>ab</span> <span class='ocrx_word' id='word_1_374' title='bbox 909 2343 1154 2381; x_wconf 88' lang='lat' dir='ltr'>Horizonte</span> <span class='ocrx_word' id='word_1_375' title='bbox 1167 2342 1221 2380; x_wconf 88' lang='lat' dir='ltr'>ad</span> <span class='ocrx_word' id='word_1_376' title='bbox 1234 2343 1441 2379; x_wconf 89' lang='lat' dir='ltr'>uerticem</span> <span class='ocrx_word' id='word_1_377' title='bbox 1455 2339 1684 2378; x_wconf 85' lang='lat' dir='ltr'>extensam.</span> <span class='ocrx_word' id='word_1_378' title='bbox 1699 2338 1766 2376; x_wconf 90' lang='lat' dir='ltr'>Sic</span> 
     </span>
     <span class='ocr_line' id='line_1_46' title="bbox 117 2392 1766 2442; baseline -0.004 -8"><span class='ocrx_word' id='word_1_379' title='bbox 117 2397 236 2434; x_wconf 88' lang='lat' dir='ltr'>enim</span> <span class='ocrx_word' id='word_1_380' title='bbox 254 2396 559 2436; x_wconf 85' lang='lat' dir='ltr'>Parallaxibus</span> <span class='ocrx_word' id='word_1_381' title='bbox 580 2397 829 2435; x_wconf 90' lang='lat' dir='ltr'>Lunaribus</span> <span class='ocrx_word' id='word_1_382' title='bbox 847 2395 1158 2434; x_wconf 90' lang='lat' dir='ltr'>Vniuersaliter</span> <span class='ocrx_word' id='word_1_383' title='bbox 1182 2394 1219 2432; x_wconf 87' lang='lat'>&amp;</span> <span class='ocrx_word' id='word_1_384' title='bbox 1242 2394 1488 2442; x_wconf 89' lang='lat' dir='ltr'>simpliciori</span> <span class='ocrx_word' id='word_1_385' title='bbox 1512 2404 1561 2430; x_wconf 93' lang='lat' dir='ltr'>ac</span> <span class='ocrx_word' id='word_1_386' title='bbox 1585 2392 1766 2430; x_wconf 88' lang='lat' dir='ltr'>faciliori</span> 
     </span>
     <span class='ocr_line' id='line_1_47' title="bbox 117 2446 1764 2498; baseline -0.005 -9"><span class='ocrx_word' id='word_1_387' title='bbox 117 2448 409 2498; x_wconf 85' lang='lat' dir='ltr'>Compendio,</span> <span class='ocrx_word' id='word_1_388' title='bbox 435 2462 571 2498; x_wconf 90' lang='lat' dir='ltr'>quam</span> <span class='ocrx_word' id='word_1_389' title='bbox 596 2450 706 2489; x_wconf 90' lang='lat' dir='ltr'>alias</span> <span class='ocrx_word' id='word_1_390' title='bbox 734 2449 937 2488; x_wconf 86' lang='lat' dir='ltr'>usitatum</span> <span class='ocrx_word' id='word_1_391' title='bbox 964 2449 1055 2493; x_wconf 83' lang='lat' dir='ltr'>fuit,</span> <span class='ocrx_word' id='word_1_392' title='bbox 1083 2448 1246 2486; x_wconf 89' lang='lat' dir='ltr'>consuli</span> <span class='ocrx_word' id='word_1_393' title='bbox 1274 2448 1383 2495; x_wconf 91' lang='lat' dir='ltr'>posse</span> <span class='ocrx_word' id='word_1_394' title='bbox 1413 2446 1764 2484; x_wconf 84' lang='lat' dir='ltr'>existimauimus.</span> 
     </span>
    </p>
   </div>
   <div class='ocr_carea' id='block_1_16' title="bbox 117 2494 1765 2591">
    <p class='ocr_par' dir='ltr' id='par_1_17' title="bbox 117 2494 1765 2591">
     <span class='ocr_line' id='line_1_48' title="bbox 117 2494 1765 2589; baseline -0.004 -48"><span class='ocrx_word' id='word_1_395' title='bbox 117 2501 250 2541; x_wconf 90' lang='lat' dir='ltr'>Nunc</span> <span class='ocrx_word' id='word_1_396' title='bbox 266 2515 375 2542; x_wconf 92' lang='lat' dir='ltr'>uero</span> <span class='ocrx_word' id='word_1_397' title='bbox 390 2503 588 2543; x_wconf 87' lang='lat' dir='ltr'>tabulam</span> <span class='ocrx_word' id='word_1_398' title='bbox 604 2502 764 2542; x_wconf 73' lang='lat' dir='ltr'>diciam</span> <span class='ocrx_word' id='word_1_399' title='bbox 779 2503 1069 2546; x_wconf 89' lang='lat' dir='ltr'>subiiciemus,</span> <span class='ocrx_word' id='word_1_400' title='bbox 1086 2501 1231 2550; x_wconf 86' lang='lat' dir='ltr'>postea</span> <span class='ocrx_word' id='word_1_401' title='bbox 1248 2504 1341 2539; x_wconf 88' lang='lat' dir='ltr'>eius</span> <span class='ocrx_word' id='word_1_402' title='bbox 1358 2500 1483 2539; x_wconf 89' lang='lat' dir='ltr'>usum</span> <span class='ocrx_word' id='word_1_403' title='bbox 1500 2494 1765 2589; x_wconf 34' lang='lat' dir='ltr'>erl-&amp;ggilriffl</span> 
     </span>
     <span class='ocr_line' id='line_1_49' title="bbox 227 2564 275 2591; baseline 0.021 -1"><span class='ocrx_word' id='word_1_404' title='bbox 227 2564 275 2591; x_wconf 86' lang='lat'>17·</span> 
     </span>
    </p>
   </div>
  </div>
 </body>
</html>
