2326 3277
495 241 543 277 44
868 232 1323 273 ASTRONOMIAE
1343 230 1767 270 INSTAURATAE

494 350 672 383 rentem.
691 342 786 380 Fuit
798 341 896 379 ideo
908 346 1103 387 tempore
1115 337 1381 386 AEquinodtij
1395 338 1543 382 Verni‚
1555 334 1762 385 praedicto
1774 347 1894 374 anno
1906 335 2013 379 1488,
2031 334 2140 374 Sim-

494 398 593 445 plex
614 398 656 440 (D
677 395 758 442 Sig.
776 394 811 432 6.
829 394 871 431 P.
889 394 924 431 2.
943 392 969 440 Ι.
987 394 1013 430 1.
1032 391 1076 440 ll.
1092 392 1160 436 35;
1182 397 1225 430 at
1244 391 1328 429 hoc
1349 402 1469 429 anno
1490 390 1597 435 1588,
1619 392 1665 428 in
1686 389 1842 427 eodem
1857 386 2141 436 AEquinofflo

494 448 756 487 Autumnali
769 449 890 494 prius
901 446 1092 483 indicato
1103 451 1312 493 tempore,
1328 445 1533 492 prouenit
1543 444 1661 481 idem
1672 442 1796 480 fimili
1808 444 1990 485 ratione,
2008 441 2091 490 Sig.
2103 441 2139 480 6.

495 503 536 539 P.
554 502 589 539 2.
608 500 633 548 l.
651 501 686 538 2.
706 499 718 547 Ι
723 499 748 547 l.
765 500 828 543 35,
849 499 1063 537 excedens
1079 498 1266 536 alterum
1281 500 1411 535 vnico
1427 496 1628 544 scrupulo
1644 498 1800 544 primo.
1823 495 2029 542 Cumque
2045 494 2141 532 haec

494 558 553 592 ita
568 554 678 592 belle
695 554 886 590 inuicem
903 554 1183 594 conueniant,
1199 562 1291 589 non
1307 551 1491 589 dubium
1502 549 1558 588 est
1569 560 1768 588 annuam
1784 550 2038 596 quantitatis
2052 559 2141 586 me·
2179 555 2195 580 ⁵

494 614 583 646 tarn
604 606 659 644 ad
681 606 777 644 haec
793 605 950 644 Secula
965 607 1043 643 rite
1060 616 1086 643 a
1103 605 1229 643 nobis
1245 603 1511 652 praefinitam
1531 604 1620 647 esse,
1641 602 1904 650 insuperque
1920 612 2009 639 vna
2024 600 2142 639 colli-

494 663 605 708 gitur
622 659 960 697 Obseruationes
975 657 1175 705 Vtrasque
1195 663 1287 696 tam
1301 656 1519 695 Waltheri
1537 667 1672 704 quam
1691 655 1855 693 nostras
1872 654 1910 693 &
1926 655 2142 702 Apogaeo-

495 725 594 751 rum
610 713 1076 759 Eccentricitatumque
1093 711 1392 749 ordinationes
1408 708 1520 748 redte
1537 709 1742 747 constare.

548 766 661 804 Haec
673 766 879 812 deputata
891 767 997 802 anni
1006 763 1343 811 AEquinoffialis
1354 765 1586 811 quantitas,
1600 762 1671 801 etfi
1683 774 1710 800 a
1721 761 1968 810 longissimis
1978 760 2144 800 Seculis

495 831 586 857 non
606 819 652 856 fit
672 816 857 856 deducta
878 818 1013 865 (quod
1035 818 1213 865 quidem
1232 828 1309 865 per
1329 816 1369 855 se
1390 816 1523 854 fuisset
1543 816 1687 860 satius,
1709 815 1747 853 &
1768 814 1916 863 quoad
1935 816 2144 852 minimas
2184 820 2215 846 1⁰

495 872 731 920 particulas
751 873 889 919 magis
910 870 1169 918 exquifitum
1190 870 1571 917 indubitatumque
1592 869 1887 907 testimonium
1904 869 2144 916 promereri

495 924 730 970 videretur)
748 924 1038 962 nihilominus
1054 935 1153 962 eam
1168 923 1267 961 satis
1283 929 1446 961 certam
1462 928 1502 960 et
1518 929 1659 961 ratam
1675 933 1755 970 pro
1769 926 2057 960 centenorum
2067 920 2144 959 ali-

496 984 601 1025 quot
613 989 834 1016 annorum
846 977 1027 1015 decursu
1039 977 1115 1014 esse
1127 988 1218 1014 non
1228 976 1480 1020 diffidimus,
1492 978 1626 1014 tutius
1636 975 1927 1013 existimantes
1936 985 1959 1012 e
1969 979 2146 1012 centum

495 1031 645 1070 saltem
657 1042 878 1068 annorum
890 1030 1213 1077 interpofitione
1227 1041 1303 1077 per
1316 1029 1656 1068 Obseruationes
1667 1026 1920 1076 perspectas,
1933 1027 2029 1066 &in
2039 1032 2145 1065 tem-

494 1084 673 1131 poribus
696 1086 877 1121 minime
901 1085 1111 1130 ancipites
1135 1094 1234 1121 eam
1257 1083 1471 1127 deriuare,
1495 1093 1630 1129 quam
1653 1081 1683 1119 fi
1703 1093 1726 1119 e
1747 1081 1995 1129 longissimis
2015 1080 2144 1119 Secu·
2186 1087 2216 1112 ¹⁵

494 1138 639 1175 lorum
655 1136 898 1174 interuallis
915 1148 991 1184 per
1006 1138 1153 1174 minus
1169 1142 1285 1174 ratas
1301 1135 1732 1179 Animaduerfiones,
1750 1134 2053 1182 &temporum
2069 1133 2145 1172 du-

495 1190 613 1228 biam
631 1190 938 1227 limitationem
954 1188 1069 1227 hanc
1085 1194 1349 1237 peteremus;
1370 1188 1607 1236 praesertim
1624 1200 1725 1226 cum
1741 1187 1854 1226 hisce
1871 1187 2037 1226 Seculis
2052 1192 2145 1225 tan-

495 1243 724 1281 tummodo
745 1242 1054 1290 particularem
1075 1247 1221 1280 motus
1242 1242 1406 1280 Solaris
1427 1241 1738 1280 restitutionem
1759 1241 1980 1289 adaptare,
2004 1240 2147 1279 nostra

495 1296 540 1334 fit
552 1298 746 1333 intentio.
763 1296 979 1333 Praeterea
991 1295 1019 1333 fi
1032 1307 1054 1333 e
1066 1296 1448 1343 longinquioribus
1460 1294 1851 1334 Obseruationibus
1862 1305 1956 1332 rem
1967 1305 2146 1332 omnem

495 1349 581 1386 huc
597 1349 955 1396 pertraxissemus,
972 1347 1358 1396 AEquinoctiorum
1374 1348 1608 1396 inaequalis
1624 1349 1877 1396 anticipatio
1893 1347 2032 1391 nobis,
2053 1353 2147 1385 tum
2184 1353 2218 1378 20

495 1403 551 1440 ad
572 1404 677 1440 anni
699 1402 964 1449 aequabilem
984 1404 1214 1446 rationem,
1235 1408 1330 1440 tum
1350 1404 1483 1440 etiam
1498 1401 1700 1449 fimplicis
1717 1401 1880 1440 Solaris
1897 1400 2044 1439 cursus
2060 1396 2075 1450 ΙΙ
2091 1400 2147 1439 ad
2180 1406 2222 1437 55

496 1455 591 1493 haec
607 1461 806 1503 tempora
822 1455 1175 1502 applicationem,
1192 1457 1382 1493 nimium
1398 1455 1713 1503 impedimento
1729 1454 1874 1493 fuisset.
1897 1453 2048 1501 Quare
2063 1453 2147 1492 hac

496 1511 601 1546 anni
626 1508 848 1546 Mundani
871 1508 959 1546 fiue
979 1507 1317 1555 AEquinoclialis
1339 1509 1395 1546 ad
1418 1507 1514 1547 haec
1538 1508 1695 1547 Secula
1718 1507 2031 1552 constitutione,
2054 1512 2147 1546 tan-

497 1573 631 1609 quam
647 1561 745 1599 satis
762 1560 913 1600 exac‘ta
927 1564 1130 1606 contenti,
1148 1561 1359 1610 [implices
1370 1568 1516 1600 motus
1531 1564 1574 1606 Θ
1590 1561 1692 1600 huic
1704 1561 2019 1599 mensurationi
2030 1571 2147 1599 com-

496 1620 690 1662 petentes
703 1615 1016 1653 ordinabimus.
1031 1614 1163 1661 Quod
1174 1615 1364 1653 facilime
1376 1615 1461 1653 fiet.
1479 1615 1523 1654 Si
1536 1617 1654 1653 enim
1666 1616 1787 1653 Anni
1799 1614 2148 1663 magnitudinem
2185 1620 2218 1645 2⁵

497 1680 614 1706 nunc
638 1674 854 1715 repertam
877 1680 953 1716 per
976 1670 1193 1716 integrum
1214 1668 1443 1706 Circulum
1466 1668 1820 1711 distribuerimus,
1843 1667 2031 1716 prodibit
2053 1667 2147 1705 fim-

497 1721 597 1769 plex
613 1721 726 1759 Solis
742 1724 871 1759 vnius
887 1722 989 1760 diei:

778 1787 804 1812 P.
936 1786 946 1811 ’.
1095 1807 1100 1811 .
1243 1808 1247 1812 ,
1382 1787 1389 1811 s
1407 1808 1412 1812 .
1518 1796 1544 1813 v.
1673 1796 1690 1812 v
1707 1808 1711 1812 .
1822 1795 1839 1812 v
1870 1807 1874 1811 .

776 1827 801 1865 0
910 1828 960 1866 59
1070 1828 1094 1866 8
1204 1828 1245 1866 19
1355 1828 1405 1866 49
1515 1829 1556 1867 51
1666 1828 1718 1866 40
1827 1828 1868 1866 14

497 1907 561 1944 Ex
571 1919 659 1954 quo
669 1906 814 1954 postea
823 1909 1008 1945 minimo
1018 1907 1167 1945 labore
1178 1919 1332 1946 omnes
1342 1908 1498 1956 reliqui
1509 1908 1704 1956 aequales
1713 1914 1872 1951 motus.
1885 1918 1985 1946 cum
1994 1907 2148 1945 Annui
2186 1912 2220 1939 ³⁰

498 1966 590 1997 tum
607 1960 818 1998 Menstrui
836 1960 873 1997 &
891 1960 1045 2008 Diarij.
1063 1961 1251 2008 ideoque
1268 1963 1400 1999 etiam
1415 1961 1594 2009 Horarij
1613 1962 1900 2000 deducuntur.
1919 1960 2149 2007 Quantum

497 2025 602 2051 vero
619 2014 674 2051 ad
691 2025 865 2051 annuos
882 2013 1029 2052 cursus
1045 2016 1104 2052 ita
1120 2013 1160 2052 se
1177 2014 1352 2052 habent.

1248 2080 1266 2105 s
1399 2080 1425 2105 P.

1548 2089 1598 2160 4'5
1708 2100 1760 2159 40
1867 2100 1920 2159 38¹
2028 2098 2078 2158 15'

587 2172 781 2220 Simplex
820 2122 1278 2218 ΑΠΠΟἶζῗῖἒᾘωξ
1388 2121 1438 2212 23
1546 2175 1596 2212 44
1707 2174 1758 2213 48
1867 2173 1918 2212 58
2045 2174 2069 2212 5
2187 2179 2221 2205 ³⁵

612 2231 756 2286 motus
792 2247 793 2250 =
974 2229 980 2296 Ι
1067 2227 1118 2264 20
1254 2227 1279 2265 0
1414 2227 1439 2265 Ο
1574 2228 1599 2266 9
1718 2228 1758 2265 14
1868 2227 1919 2265 24
2029 2227 2070 2264 14

598 2279 709 2317 Solis
726 2291 770 2316 m
1414 2281 1439 2319 Ο
1548 2281 1599 2319 46
1718 2280 1759 2318 12
1904 2281 1918 2318 1
2029 2280 2065 2318 11

817 2280 971 2317 Annis
1050 2280 1118 2317 100
1254 2281 1279 2318 O

972 2306 1118 2377 Ι5οο
1254 2333 1279 2371 o
1415 2334 1438 2371 3
1557 2335 1598 2372 51
1735 2334 1760 2372 ο
1895 2334 1919 2372 5
2019 2333 2071 2372 56

554 2411 805 2449 Secundum
835 2411 952 2449 hunc
983 2418 1193 2455 tenorem,
1225 2412 1262 2450 &
1292 2420 1437 2451 motus
1467 2414 1932 2461 proportionalitatem.
1958 2412 2151 2451 Tabulas

501 2464 742 2511 aequalium
764 2471 965 2503 motuum
987 2465 1268 2508 confecimus,
1290 2469 1349 2504 ita
1366 2473 1407 2504 vt
1426 2467 1617 2514 Epochae
1635 2467 1689 2505 ab
1706 2479 1826 2505 anno
1844 2467 1939 2505 1400
1954 2466 2085 2514 vsque
2106 2468 2151 2504 in
2190 2471 2223 2497 ⁴⁰

502 2518 596 2555 1800
609 2529 683 2564 per
694 2518 1062 2556 4001nterrnedios
1073 2519 1445 2561 constituerentur,
1457 2520 1493 2557 81
1505 2521 1558 2558 ad
1570 2520 1758 2568 singulos
1768 2519 2153 2567 inruperzoannos

1977 2578 2153 2620 propter
