2243 3225
383 198 434 236 88
758 185 1212 228 ASTRONOMIAE
1233 182 1656 223 INSTAURATAE

385 299 701 340 Refrad'tionem
718 293 933 338 correctae,
951 304 1003 331 eo
1020 292 1138 339 quod
1154 290 1395 329 Parallaxis
1412 289 1560 328 Solem
1575 288 1872 333 decliuiorem,
1893 299 2029 336 quam

386 358 593 401 oporteat,
611 359 822 397 apparere
838 347 979 391 faciat,
997 346 1069 383 dat
1084 356 1235 382 veram
1251 343 1381 391 ipsius
1397 342 1704 381 sublimitatem
1719 347 1809 380 tam
1821 353 1848 380 a
1859 340 2028 379 Refrac-

384 410 514 449 tione,
527 415 661 452 quam
672 401 890 440 Parallaxi
902 399 1180 442 vindicatam,
1192 397 1235 435 P.
1248 397 1301 435 19.
1316 395 1328 444 l
1334 427 1342 434 .
1355 397 1431 440 151⁷,
1444 407 1544 443 quae
1555 394 1585 433 fi
1596 395 1796 433 dematur
1807 394 1862 433 ab
1875 394 2030 433 Eleua-

384 462 501 497 tione
522 456 776 504 AEquatoris
796 454 930 491 huius
949 452 1045 495 loci,
1066 453 1112 489 in
1133 462 1221 498 quo
1243 449 1501 488 Obseruatio
1522 448 1669 486 fiebat:
1692 459 1793 496 quae
1814 447 1869 486 est
1890 447 1945 486 G.
1966 447 2030 486 34.

387 512 412 560 l.
434 513 491 554 51,
516 507 530 560 ΙΙ
553 510 756 557 prouenit
776 505 985 554 exquisita
1006 504 1118 543 Solis
1139 503 1387 541 Declinatio
1408 502 1451 540 P.
1474 503 1527 539 14.
1551 500 1576 549 Ι.
1597 502 1665 545 50;
1689 512 1790 549 quae
1812 503 1859 539 in
1880 512 2032 540 aream
2059 507 2118 540 103

385 564 568 602 Tabulae
581 561 941 600 Declinationum
956 557 1190 596 intromissa
1206 556 1453 599 lateraliter,
1470 555 1615 593 debita
1629 556 1750 602 prius
1766 552 2032 593 correctione

386 630 462 665 per
473 613 847 664 proportionalem
858 613 1212 650 numerationem
1225 610 1284 657 (vt
1296 615 1450 647 notum
1463 607 1534 655 est)
1551 606 1676 652 faeta,
1693 606 1867 645 exhibet
1879 607 2034 655 Longi·

386 671 583 709 tudinem
604 668 716 707 Solis
737 669 782 705 in
803 672 909 714 part.
931 665 994 703 20.
1014 663 1038 712 l.
1057 664 1097 703 64
1123 673 1180 701 zzz.
1206 663 1325 701 Huic
1345 661 1621 710 postmodum
1642 672 1664 699 e
1684 660 1857 699 Tabula
1876 659 2034 698 Ascen-

387 724 557 762 fionum
569 720 811 764 Rectarum,
829 720 1032 766 competit
1044 716 1258 761 Ascenfio,
1275 721 1319 754 vt
1335 717 1470 754 moris
1487 714 1542 753 est
1553 712 1756 758 correcta‚
1773 713 1816 752 P.
1829 713 1919 752 308.
1933 711 1959 761 l.
1971 713 2034 752 29.

389 775 432 825 ll.
449 776 512 815 58.
534 776 592 813 At
608 786 695 822 quo
712 774 768 812 ad
784 772 1122 820 Longitudinem
1138 770 1211 808 dat
1227 769 1367 807 noster
1383 768 1577 807 calculus
1594 779 1616 805 e
1633 769 1855 805 neoterica
1874 766 2034 805 restitu-
2076 775 2106 801 ιο

387 833 505 868 tione
518 828 556 866 &
567 827 747 866 Tabulis
759 831 961 864 motuum
974 824 1086 863 Solis
1097 823 1225 871 supra
1237 822 1451 867 exhibitiS,
1468 821 1615 859 locum
1627 823 1722 859 eius
1733 820 1789 859 ad
1801 819 2036 858 Meridiem

387 882 641 928 301anuarij
656 882 702 918 in
714 880 756 918 P.
769 880 831 918 20.
847 878 871 927 Ι.
885 879 920 917 6.
935 877 978 926 ll.
991 877 1041 916 23
1058 886 1120 914 m:
1138 879 1197 914 ita
1208 882 1251 914 vt
1268 875 1417 913 saltem
1429 873 1586 913 octaua
1597 876 1726 912 vnius
1742 875 1900 912 minuti
1916 878 2036 921 parte

389 936 593 983 discrepet
614 933 668 972 ab
689 933 778 981 ipsa
795 932 1129 973 Obseruatione;
1152 941 1251 977 quae
1272 929 1373 967 sane
1395 927 1687 966 differentiola
1707 926 1763 965 est
1782 926 1956 975 prorsus
1974 928 2037 964 in-

390 987 689 1037 perceptibilis.

442 1042 619 1080 Abacus
633 1040 888 1077 Prutenicus
902 1049 924 1075 e
939 1036 1131 1075 fontibus
1144 1036 1438 1083 Copernianis
1454 1034 1691 1078 deriuatus,
1707 1034 1871 1081 praebet
1882 1033 2037 1081 Longi·
2079 1042 2108 1068 1⁵

389 1095 586 1133 tudinem
603 1093 715 1132 Solis
732 1094 777 1130 in
793 1092 835 1129 P.
849 1092 902 1129 19.
917 1090 942 1139 l.
956 1090 1005 1128 33
1024 1099 1082 1133 m,
1101 1100 1201 1136 quae
1218 1087 1361 1127 deficit
1377 1099 1403 1126 a
1418 1089 1611 1130 veritate,
1627 1087 1763 1135 paulo
1778 1086 1878 1135 plus
1892 1086 1944 1125 33
1959 1088 2038 1124 mi·

390 1150 518 1192 nutis,
541 1147 652 1185 vltra
674 1145 873 1184 videlicet
898 1143 1129 1182 dimidium
1154 1142 1350 1190 gradum.
1377 1139 1652 1189 Alphonfina
1673 1140 1934 1188 Supputatio
1960 1151 2038 1178 nu-

390 1207 528 1240 merat
549 1206 650 1238 tunc
671 1199 818 1237 locum
839 1197 951 1236 Solis
973 1199 1018 1234 in
1039 1196 1081 1234 P.
1099 1196 1161 1234 20.
1181 1194 1206 1243 l.
1223 1195 1274 1233 24
1295 1204 1357 1232 za:
1379 1193 1590 1232 Abundat
1610 1196 1758 1241 itaque
1779 1205 1806 1232 a
1825 1204 1930 1232 vero
1950 1192 2039 1232 fere

391 1255 433 1294 18
448 1256 639 1292 minutis.

444 1308 576 1346 Nunc
597 1306 783 1344 alterum
804 1303 1068 1351 Exemplum
1084 1302 1184 1341 Sole
1205 1304 1326 1340 iuxta
1344 1301 1624 1339 medietatem
1646 1307 1684 1349 m
1705 1300 1901 1339 versante
1921 1299 2040 1338 dabi-
2078 1308 2111 1334 20

391 1373 502 1400 mus.
525 1360 608 1398 Die
630 1359 681 1398 26
702 1357 913 1402 octobris,
934 1357 1019 1395 hoc
1040 1356 1197 1394 eodem
1213 1356 1348 1393 Anno
1369 1354 1476 1398 1588,
1497 1353 1577 1391 fuit
1597 1353 1826 1392 obseruata
1845 1353 1918 1392 hic
1933 1352 2041 1391 Alti—

391 1415 496 1453 tudo
516 1415 559 1459 (D
579 1415 625 1451 in
641 1412 828 1451 Meridie
845 1411 888 1449 P.
906 1410 959 1449 18.
979 1409 1004 1458 l.
1022 1410 1062 1448 17
1078 1409 1176 1447 satis
1192 1407 1379 1456 praecise.
1398 1407 1483 1445 His
1499 1406 1639 1445 aufert
1656 1405 1869 1446 Refrac'tio
1887 1405 1913 1455 l.
1927 1407 1987 1451 51,
2004 1405 2042 1444 8(

392 1467 634 1506 Parallaxis
650 1466 768 1504 addit
786 1463 810 1513 l.
828 1465 864 1502 2.
884 1462 927 1512 ll.
944 1465 1011 1502 55:
1028 1468 1071 1500 vt
1087 1462 1133 1500 fit
1148 1473 1253 1500 vera
1264 1461 1462 1499 Altitudo
1479 1458 1753 1499 RefraCtione
1770 1460 1808 1498 8(
1824 1459 2043 1499 Parallaxi

393 1526 566 1559 exemta
586 1520 628 1558 P.
646 1519 699 1558 18.
718 1517 743 1567 l.
762 1519 815 1556 14.
834 1516 877 1566 ll.
894 1518 958 1562 25,
980 1528 1080 1564 quae
1101 1516 1156 1554 ab
1178 1515 1437 1553 Eleuatione
1458 1513 1713 1561 AEquatoris
1733 1513 2042 1562 praeassignata,

393 1575 421 1612 fi
438 1574 673 1617 auferatur,
690 1572 895 1619 relinquit
911 1581 1062 1608 veram
1079 1569 1191 1608 Solis
1207 1568 1575 1611 Declinationem‚
1593 1567 1635 1605 P.
1649 1568 1702 1606 15.
1717 1566 1742 1615 Ι.
1755 1567 1818 1606 50.
1832 1565 1876 1615 ΙΙ.
1888 1566 1956 1606 50:
1973 1567 2043 1605 cui
2080 1575 2113 1601 2⁵

394 1640 446 1666 ex
458 1627 629 1665 Tabula
641 1625 1003 1664 Declinationum
1015 1622 1318 1670 correspondet
1330 1621 1577 1669 Longitudo
1589 1620 1702 1659 Solis
1713 1623 1759 1658 in
1770 1620 1813 1658 P.
1824 1620 1878 1659 13.
1890 1618 1916 1668 Ι.
1927 1619 1969 1658 10
1985 1625 2023 1668 m
2033 1650 2042 1664 ‚

394 1681 512 1729 quod
524 1692 624 1718 cum
636 1679 779 1717 nostra
790 1677 1098 1716 rectificatione
1110 1678 1155 1714 in
1168 1675 1292 1714 cursu
1305 1674 1497 1713 eiusdem
1510 1673 1608 1712 satis
1620 1673 1841 1712 consentit.
1859 1672 2044 1712 Exhibet

395 1737 512 1772 enirn
529 1745 581 1772 ea
597 1733 744 1771 locum
760 1734 805 1770 in
823 1732 877 1770 G.
895 1731 948 1769 13.
967 1729 992 1778 Ι.
1010 1731 1046 1769 9.
1065 1728 1108 1778 ll.
1126 1729 1177 1768 50
1194 1735 1232 1777 m
1247 1741 1255 1771 ;
1272 1730 1331 1766 ita
1347 1734 1390 1766 vt
1406 1727 1555 1766 saltem
1571 1727 1688 1766 sexta
1703 1738 1805 1775 pars
1820 1729 1950 1765 vnius
1965 1728 2043 1765 mi-

395 1790 501 1832 nuti,
527 1798 627 1834 quae
652 1785 840 1824 sensibus
864 1796 956 1822 non
981 1785 1227 1831 percipitur,
1253 1781 1526 1820 defideretur.
1553 1780 1756 1819 Ascenfio
1779 1779 1921 1825 Recta,
1946 1779 2044 1818 loco

394 1841 506 1880 Solis
524 1840 764 1883 obseruato‚
782 1839 967 1886 quadrat
983 1849 1006 1875 e
1022 1837 1098 1875 sua
1114 1835 1286 1874 Tabula
1301 1841 1408 1883 part.
1426 1834 1515 1872 220.
1533 1836 1687 1872 minut.
1704 1835 1758 1873 41.
1775 1834 1852 1873 sec.
1869 1834 1933 1873 47.
2082 1841 2114 1868 ³⁰

447 1894 638 1941 Vterque
648 1904 753 1930 vero
763 1891 957 1930 calculus
965 1897 1055 1929 tam
1065 1889 1388 1937 Copernianus,
1402 1899 1537 1935 quarn
1547 1887 1848 1935 Alphonfinus
1857 1886 1928 1926 hic
1938 1897 2044 1935 quo-

396 1959 481 1995 que
493 1949 681 1985 nimium
693 1947 851 1984 deuiat.
865 1945 984 1983 Nam
997 1944 1232 1991 Copernici
1245 1943 1367 1985 ratio,
1380 1941 1581 1988 praebens
1594 1941 1933 1989 Longitudinem
1943 1942 1990 1978 in
2001 1939 2044 1978 P.

397 2001 449 2038 12.
459 2000 471 2048 l
478 2032 485 2038 .
493 2001 544 2038 56
554 2007 609 2048 ῐη,
623 1999 765 2038 deficit
775 1999 1000 2037 ferevnius
1009 1997 1169 2045 gradus
1179 1995 1439 2044 quadrante:
1452 1994 1942 2042 Alphonfinorumvero
1951 1993 2045 2042 sup-

397 2056 563 2102 putatio
573 2064 791 2100 reponens
802 2064 904 2090 eum
914 2054 959 2089 in
968 2051 1022 2089 G.
1032 2051 1085 2088 13.
1095 2049 1107 2098 l
1114 2081 1120 2088 .
1130 2050 1171 2088 17
1180 2056 1219 2097 m
1229 2081 1237 2092 ,
1247 2049 1442 2087 abundat
1450 2047 1734 2096 octauaquafi
1743 2048 1903 2096 gradus
1911 2053 2044 2096 parte.

450 2107 513 2145 Ex
530 2107 597 2144 his
614 2106 787 2153 insuper
803 2106 988 2147 duobus,
1010 2115 1110 2152 quae
1127 2103 1392 2142 adduximus
1410 2101 1644 2149 Exemplis.
1666 2104 1711 2139 in
1728 2101 2046 2140 obseruatione
2083 2108 2116 2135 3⁵

398 2160 510 2198 Solis
527 2162 639 2198 circa
655 2160 933 2197 medietatem
954 2168 995 2194 zzz
1013 2157 1050 2195 8(
1068 2163 1124 2205 nl.
1141 2155 1416 2194 manifestum
1434 2155 1581 2193 euadit
1595 2161 1765 2193 motum
1777 2157 1871 2193 eius
1883 2154 2047 2193 anobis

398 2225 473 2260 per
499 2213 779 2250 Neotericam
805 2210 1119 2250 correc'lionem
1144 2208 1481 2257 praedefinitum.
1512 2208 1609 2247 satis
1639 2207 1814 2256 praecise
1839 2210 1971 2246 etiam
1995 2208 2048 2256 ijs

399 2267 576 2304 Zodiaci
594 2266 700 2304 locis
716 2277 968 2313 congruere.
986 2264 1014 2301 fi
1031 2266 1240 2301 nimirum
1257 2263 1400 2300 debita
1418 2260 1702 2300 Refrac‘tionis
1714 2261 1751 2300 &
1766 2261 2047 2300 Pasallaxeos

399 2319 659 2358 adhibeatur
675 2320 930 2366 praecautio:
948 2323 1041 2355 vtut
1057 2329 1148 2354 non
1165 2317 1219 2354 ad
1237 2316 1515 2353 medietatem
1532 2315 1693 2353 horum
1710 2315 1956 2363 Signorum.
1977 2313 2046 2352 sed

400 2375 543 2420 potius
564 2376 604 2416 *ὅ
626 2372 663 2410 8(
685 2374 723 2416 (ς)
747 2374 885 2420 magis
903 2371 1153 2409 sublimium
1176 2370 1247 2416 (ne
1265 2367 1479 2406 Refrad'tio
1496 2369 1809 2416 impedimenta
1825 2367 2047 2416 obijceret)
2084 2374 2117 2401 ⁴0

400 2427 584 2473 Apogaei
595 2425 631 2463 8(
644 2426 980 2463 Eccentricitatis
992 2423 1411 2471 peruessigationem.
1425 2422 1658 2460 collatione
1669 2433 1768 2460 curn
1778 2419 2047 2469 AEquinoc'ti-

400 2479 542 2517 alibus
559 2479 806 2526 ingressibus
823 2477 945 2519 facta.
963 2477 1089 2524 supra
1106 2476 1427 2514 instituerimus.

1931 2528 2047 2566 Patet

2173 3173 2243 3225 ..ul
