2164 3246
446 214 1107 255 PROGYMNASMATUM
1130 217 1333 254 PRIMA
1355 217 1506 256 PARS
1727 217 1804 255 225

204 321 249 361 Si
260 324 434 360 veriora
449 321 610 360 harum
626 323 758 359 trium
771 321 1006 360 Stellarum
1022 323 1131 367 loca,
1149 335 1250 370 quae
1267 325 1380 361 circa
1396 325 1570 361 initium
1582 324 1703 361 Anni
1720 324 1805 362 1515

150 375 390 414 secundum
412 375 556 413 nostra
578 377 808 413 ratiocinia
829 387 852 413 e
874 376 1004 414 Coelo
1027 376 1117 423 ipso
1143 375 1327 415 deducta
1352 377 1459 421 sunt,
1486 389 1586 415 cum
1612 376 1680 415 his
1705 388 1805 415 con-

150 428 359 473 ferantur,
377 429 560 467 euidens
576 434 707 476 atque
724 428 998 467 intolerabile
1015 432 1254 477 reperietur
1271 429 1511 468 discrimen.

204 482 347 530 thue
372 481 468 520 haec
494 484 646 520 omnia
670 483 716 519 in
742 481 972 529 conspeetu
996 482 1086 527 lint,
1112 482 1326 521 succincta
1348 483 1579 522 Tabellula
1602 484 1807 522 Werneri

98 548 114 574 5
151 537 375 584 propriam
396 546 419 573 e
439 535 525 573 suis
546 535 820 573 Dedomenis
841 534 1156 579 collee'tionem,
1178 536 1456 584 nostramque
1474 549 1496 575 e
1513 537 1698 575 limitata
1714 537 1807 575 Poli

151 590 246 627 eius
261 588 346 627 loci
362 588 606 627 Altitudine
622 593 754 636 atque
771 589 950 627 assumta
965 601 1070 627 vera
1087 589 1321 627 Stellarum
1336 590 1585 628 Latitudine
1603 591 1807 628 emenda-

151 644 330 687 tionem,
353 653 442 680 vna
464 653 565 680 cum
587 641 695 680 locis
716 642 971 686 earundem,
992 644 1114 680 iuxta
1134 642 1323 681 nostram
1344 643 1656 681 restitutionem
1678 655 1730 682 eo
1746 643 1807 681 vs-

152 707 237 744 que
253 697 550 743 anticipatam‚
567 695 705 733 oeulis
721 694 959 743 subijciam.

193 801 495 841 COLLATIO
516 801 706 840 TRIVM
728 801 1095 846 STELLARVM,
1118 802 1412 847 BASILISCI,
1434 803 1674 847 ARISTAE,
1698 804 1769 842 ET

85 877 116 903 10
265 863 702 903 MERIDIONALIS
724 864 941 903 LANCIS
965 868 1023 908 -0-‚
1046 865 1079 902 E
1101 865 1402 904 IOHANNIS
1422 866 1698 903 WERNERI

335 926 797 971 ANNOTATIONE,
820 926 1061 965 DUPLICI
1083 927 1268 966 MODO
1290 927 1627 973 PROPOSITA,

368 988 734 1036 NOSTRAQUE
752 988 1199 1034 RESTITUTIONE,
1217 989 1494 1029 SINGULIS
1510 990 1596 1028 AD

441 1051 677 1090 ANNUM
699 1052 784 1090 1515
806 1051 1227 1090 INCHOANTEM
1250 1052 1523 1091 DIRECTA.

531 1140 572 1165 Ex
587 1139 711 1173 propria
727 1140 917 1166 WERNERI
970 1140 1011 1165 Ex
1032 1139 1131 1166 nostra
1148 1138 1336 1166 correffione
1373 1140 1620 1173 luxtapropriam
1629 1141 1793 1166 Stellarum

1058 1175 1089 1201 in
1107 1176 1256 1202 Wernero
1460 1176 1705 1202 verificationem

1434 1247 1474 1264 on
1500 1239 1507 1264 i
1523 1259 1527 1264 .
1630 1239 1759 1264 Latitud.

68 1610 132 1643 223
209 1605 356 1653 Atque
373 1616 427 1643 ex
442 1605 512 1643 his
525 1605 623 1644 satis
635 1605 784 1653 liquet,
796 1605 826 1643 fi
839 1605 1149 1644 confideratius
1161 1605 1525 1654 introspiciantur,
1538 1605 1814 1643 WERNERI

156 1658 495 1704 Annotationes‚
521 1671 633 1706 quas
655 1659 732 1697 suo
757 1657 849 1698 Oet.
874 1659 1071 1707 Sphaerae
1095 1662 1248 1703 motui,
1275 1659 1395 1707 quafi
1418 1659 1694 1697 fundamenti
1717 1659 1816 1697 loco

156 1711 373 1760 praemifit,
394 1718 489 1750 turn
508 1714 621 1751 inter
640 1712 694 1757 se,
715 1719 810 1751 tum
827 1724 853 1751 a
870 1713 1000 1751 Coelo
1017 1712 1107 1760 ipso
1124 1712 1360 1761 asymetras
1382 1712 1693 1760 esse,'nihi1que
1713 1715 1816 1750 certi

87 1777 121 1803 25
157 1764 261 1804 hinc
277 1765 480 1804 concludi
495 1766 619 1814 posse.

210 1818 332 1858 Nam
354 1825 571 1867 quantum
594 1820 650 1858 ad
673 1819 849 1867 Spicam
872 1822 1023 1858 attinet
1047 1820 1280 1858 collatione
1304 1831 1403 1858 cum
1429 1820 1580 1858 nostris
1602 1819 1816 1858 Obserua-

157 1872 350 1911 tionibus
366 1871 491 1918 faeta,
514 1872 698 1912 Od'tauae
715 1873 912 1921 Sphaerae
929 1880 1100 1911 motum
1118 1876 1306 1911 nimium
1323 1875 1581 1921 praecipitat;
1604 1873 1816 1920 Coperni-

158 1937 246 1965 ana
263 1925 581 1965 obseruatione
597 1928 733 1965 Anno
750 1928 835 1965 1515
853 1929 967 1965 circa
982 1927 1100 1965 idem
1116 1933 1289 1974 tempus
1310 1929 1356 1964 in
1377 1926 1460 1965 hac
1481 1926 1570 1974 ipsa
1587 1926 1720 1965 Stella
1741 1926 1816 1964 ha-

157 1979 258 2025 bita,
280 1979 319 2018 8(
340 1991 442 2018 cum
461 1982 632 2018 veriore
653 1980 717 2018 sui
737 1980 822 2018 loci
844 1980 1105 2018 Eleuatione
1129 1980 1285 2025 Polari‚
1310 1980 1545 2027 Stellaeque
1569 1980 1817 2018 Latitudine

88 2043 122 2070 30
159 2031 363 2078 corredia,
383 2033 414 2072 fi
434 2033 697 2079 conferatur,
719 2034 840 2081 quafi
861 2035 906 2071 in
927 2033 1018 2081 ipso
1039 2036 1211 2072 minuto
1231 2046 1332 2072 cum
1348 2033 1492 2072 nostra
1508 2032 1818 2071 rectificatione

159 2085 464 2125 consentiente.

211 2139 292 2178 Per
308 2140 399 2178 Cor
415 2141 576 2179 Leonis
592 2152 710 2185 vero,
730 2140 760 2178 fi
776 2141 975 2178 Altitudo
993 2143 1087 2179 eius
1104 2140 1334 2179 obseruata
1350 2140 1495 2178 nostro
1511 2141 1646 2178 modo
1663 2139 1819 2178 rectius

160 2195 447 2239 examinetur,
471 2196 661 2232 nimium
684 2194 771 2232 huc
787 2193 919 2241 vsque
942 2195 1118 2232 tardum
1142 2194 1298 2232 efficiet
1315 2194 1567 2232 Affixarum
1584 2194 1820 2232 Stellarum

159 2252 341 2285 motum.

90 2310 124 2337 3⁵
213 2299 452 2348 Maiorque
469 2301 614 2340 adhuc
632 2313 767 2349 quam
785 2303 830 2339 in
847 2300 975 2348 Spica
992 2303 1224 2339 concitatio
1242 2312 1264 2339 e
1282 2301 1648 2339 Meridionaliore
1663 2301 1820 2339 Lancis

165 2356 207 2396 Q
226 2353 469 2399 inducetur,
486 2357 546 2393 ita
561 2360 605 2392 vt
621 2354 717 2392 haec
734 2356 886 2392 omnia
902 2354 1076 2402 prorsus
1092 2357 1286 2392 inuicem
1302 2354 1380 2392 fint
1397 2354 1634 2392 Anomala.

213 2407 360 2455 Atque
377 2419 431 2446 ex
447 2407 516 2446 his
532 2413 725 2456 apparet,
743 2414 961 2455 quantum
977 2407 1079 2446 fidei
1095 2414 1350 2446 mereantur
1365 2408 1688 2448 Wernerianae.
1712 2419 1821 2454 quas

161 2459 202 2498 se
218 2460 385 2499 caelitus
401 2460 591 2500 habuisse
608 2461 749 2505 refert,
767 2461 1122 2505 Obseruationes,
1141 2462 1348 2509 quodque
1364 2464 1509 2509 potius
1522 2461 1822 2508 Copernicaeis

161 2511 244 2552 hac
260 2515 307 2552 in
322 2520 444 2562 parte
461 2515 609 2562 quoad
626 2515 802 2563 Spicam
818 2515 1008 2562 Virginis
1026 2516 1391 2554 annotationibus
1407 2515 1606 2553 standum
1623 2514 1680 2551 fit.

267 2575 302 2601 29
1663 2567 1820 2613 Neque
