2243 3225
360 212 426 249 314
734 206 1186 246 ASTRONOMIAE
1208 204 1629 244 INSTAURATAE

359 323 400 354 vt
423 322 512 354 toto
536 316 669 352 Anno
693 314 855 357 Sidera,
880 324 1014 360 quam
1038 312 1374 350 commodissime
1397 310 1575 348 scrutari
1598 312 1830 357 potuerint,
1856 321 2001 358 neque

359 372 489 407 etiam
511 375 599 406 tam
623 367 780 405 crebris
802 366 1006 404 Nubibus
1029 371 1104 404 aut
1127 364 1457 403 obscuritatibus
1479 366 1526 401 in
1548 363 1755 401 aestuante
1779 363 1854 402 illa
1876 364 2003 402 Zona

358 419 617 471 A-Hstrorum
634 418 851 467 aspetftum
866 418 1215 462 subducentibus,
1237 418 1340 455 Illos
1361 416 1580 464 (inquam)
1596 416 1888 455 Astronomiae
1909 428 2002 465 prae
2026 423 2091 456 309

358 476 522 513 caeteris
546 473 814 511 Hominibus
838 471 1073 519 impensius
1095 471 1211 509 fuisse
1235 468 1441 513 addictos,
1466 470 1585 517 quod
1607 471 1634 507 a
1658 469 1816 508 CHVS
1840 469 2003 509 Chami

357 528 645 575 primogenito
662 527 860 573 prognati
877 526 1002 563 essent
1020 524 1224 571 (ideoque
1241 526 1364 571 nigri,
1383 529 1598 570 tanquam
1613 525 1751 561 notati
1767 523 1822 562 ob
1840 523 2003 562 Chami

356 580 611 625 irrisionem)
636 581 710 626 qui
733 578 885 626 procul
908 578 1041 616 dubio
1064 589 1091 615 a
1115 577 1294 615 NOAH
1316 577 1441 615 Patre
1464 583 1596 624 atque
1617 576 1839 615 Fratribus
1859 576 2002 615 Astro-

357 636 518 671 nomiae
536 634 840 680 cognitionem,
858 631 1000 679 qualis
1017 636 1117 669 ante
1130 630 1365 668 Diluuium
1381 629 1482 668 inde
1499 629 1554 668 ab
1565 629 1808 675 ADAMO,
1825 629 2002 678 eiusque

357 687 487 734 Filijs,
504 686 601 723 teste
618 685 886 728 IOSEPHO,
903 690 1143 731 propagata
1160 689 1262 727 erat,
1279 682 1495 727 hauserat,
1513 683 1788 731 eandemque
1804 685 1851 721 in
1861 682 2001 722 AEthi-

357 742 503 786 opiam
526 738 807 781 transtulerat,
833 738 1019 785 ideoque
1042 736 1235 774 Posteros
1259 739 1353 774 eius
1375 736 1491 774 hanc
1511 737 1666 774 Artem
1685 735 1910 774 studiofius
1931 747 2002 774 ex-

357 793 536 830 coluisse.
562 792 764 838 Cumque
787 791 921 838 Regni
942 790 1179 837 AEthiopici
1202 790 1443 836 primordia
1465 791 1612 827 iecerit
1633 788 1854 837 Cepheus,
1877 791 2002 828 cuius

356 846 474 883 onr
499 845 578 882 fuit
604 845 839 891 Cassiopea,
866 844 1063 890 Filiaque
1086 843 1385 887 Andromeda,
1413 842 1451 881 &
1476 845 1570 881 eius
1595 842 1786 881 Maritus
1810 842 2001 887 Perseus,

356 900 535 945 essetque
552 898 712 936 horum
729 897 920 935 Historia
936 897 1053 944 apud
1070 896 1300 943 AEthiopes
1317 895 1510 941 celebris,
1526 902 1570 934 vt
1586 895 1682 934 haec
1699 907 1877 944 quoque
1892 895 2003 934 foret

355 957 575 998 perpetua,
603 963 756 989 eorum
782 951 979 988 Nomina
1002 949 1135 987 Astris
1160 949 1475 997 inscripserunt,
1501 949 1626 997 Regis
1651 949 1690 988 &
1715 949 1892 998 Reginae
1914 960 2003 988 vna

355 1016 454 1042 cum
480 1005 588 1042 Filia
614 1004 651 1042 8(
678 1004 857 1042 Genero
886 1005 1149 1041 memoriam
1174 1002 1410 1047 Sideribus,
1440 1002 1587 1041 versus
1613 1002 1771 1041 Polum
1796 1003 2002 1047 Boreum,

354 1057 472 1105 quafi
498 1060 542 1095 in
567 1069 705 1095 vnum
729 1057 844 1096 Coeli
870 1055 1055 1095 tractum
1080 1058 1408 1104 coniungentes,
1434 1062 1478 1094 vt
1502 1055 1586 1094 hac
1609 1058 1779 1094 ratione
1801 1055 2003 1094 illustrior

353 1112 457 1155 esset‚
478 1113 722 1158 primorum
743 1110 877 1158 Regni
896 1110 1236 1157 Auspicatorum
1256 1110 1501 1148 recordatio
1523 1109 1561 1147 8(
1584 1109 1734 1154 Fama,
1755 1108 2003 1157 diutiusque

352 1164 656 1211 perseueraret,
675 1175 809 1211 quam
826 1163 855 1201 fi
866 1163 936 1201 vel
951 1163 1220 1201 membranis
1232 1163 1432 1201 Annales
1448 1162 1530 1201 hos
1546 1162 1768 1207 illinirent,
1784 1162 1854 1201 vel
1871 1164 2003 1201 etiam

353 1218 651 1255 Marmoribus
668 1229 717 1255 ac
734 1217 859 1255 Saxis
875 1216 1177 1264 insculperent.

406 1271 516 1308 Fieri
529 1270 653 1308 simul
664 1270 808 1317 potest,
822 1271 940 1317 quod
953 1269 1161 1317 Cepheus
1173 1275 1304 1317 atque
1316 1269 1507 1314 Perseus,
1525 1274 1600 1307 aut
1611 1269 1778 1317 ipsimet
1789 1280 1869 1317 pro
1880 1280 2003 1308 more

353 1336 506 1361 eorum
519 1324 684 1371 Regum
694 1323 943 1361 Astronomi
955 1323 1128 1367 fuerint,
1141 1329 1217 1361 aut
1226 1322 1427 1361 Artifices
1439 1323 1676 1361 liberaliter
1686 1324 2003 1370 promouerint‚

352 1378 538 1424 ideoque
560 1378 614 1415 ob
631 1378 748 1415 Artis
769 1378 1132 1424 propagationem
1153 1376 1191 1414 &
1211 1379 1539 1424 promotionem
1559 1376 1614 1414 ab
1635 1375 1703 1414 his
1724 1378 1835 1414 inter
1851 1375 2004 1415 Sidera

352 1430 474 1468 relati
495 1430 584 1473 fint,
607 1430 770 1478 Regina
791 1430 828 1468 8(
850 1430 960 1468 Filia
981 1430 1035 1468 ob
1058 1430 1245 1468 Maritos
1266 1430 1379 1468 adeo
1399 1429 1662 1477 praestantes,
1683 1435 1804 1468 tanto
1825 1440 2003 1477 quoque

352 1483 520 1521 honore
538 1484 762 1522 decoratis.

406 1537 671 1575 Oriebantur
697 1539 827 1575 etiam
853 1542 956 1575 tunc
980 1536 1211 1584 Temporis
1237 1536 1395 1581 Steuae,
1424 1548 1535 1584 quas
1561 1536 1800 1584 Cassiopeae
1826 1536 2004 1585 Reginae

352 1590 653 1634 attribuebant,
676 1603 762 1628 vna
784 1602 883 1628 curn
900 1589 1182 1637 AEquinoe'tio
1199 1590 1347 1628 Verno
1366 1590 1453 1628 fiue
1472 1596 1519 1631 V
1537 1590 1800 1639 primordiis,
1821 1589 1897 1628 sub
1913 1600 2003 1637 quo

352 1643 482 1691 Signo
496 1644 630 1691 Reges
647 1643 745 1681 suos
762 1646 1027 1691 inaugurare
1044 1643 1250 1687 solebant,
1267 1650 1482 1691 tanquam
1494 1655 1520 1682 a
1532 1645 1676 1691 prima
1687 1643 1833 1682 Matre
1845 1642 2003 1682 Cassio·

351 1708 433 1743 pea
455 1697 572 1744 (quae
589 1697 694 1734 olim
712 1697 941 1744 Cussiopea
962 1697 1232 1745 probabilius
1253 1696 1362 1735 forte
1378 1697 1635 1743 vocabatur)
1657 1702 1906 1745 prognatos.
1927 1697 2003 1734 At-

352 1762 435 1797 que
453 1750 547 1788 haec
565 1757 626 1788 est
643 1750 888 1788 credibilior
901 1750 1138 1798 Cassiopeae
1155 1750 1360 1794 Historia,
1379 1761 1543 1798 curque
1560 1752 1672 1788 inter
1688 1749 1841 1789 Sidera
1855 1749 2004 1788 locum

2040 536 2056 562 5

2039 686 2060 717 †

2043 801 2074 828 10

2043 1068 2074 1093 15

2040 1601 2074 1627 25

351 1806 579 1846 inuenerit,
591 1803 772 1847 occafio;
786 1801 979 1854 cae-sstera
988 1805 1190 1842 videntur
1200 1816 1226 1842 a
1236 1804 1377 1842 Poetis
1387 1803 1497 1842 fieta.
1511 1803 1846 1842 Constituuntur
1854 1809 2004 1842 autem
2027 1808 2091 1841 310

352 1856 421 1894 hae
446 1863 633 1903 quatuor
656 1859 880 1905 imagines,
906 1857 1087 1904 Cephei.
1112 1857 1362 1905 Cassiopeae,
1386 1857 1687 1895 Andromedae
1711 1863 1842 1905 atque
1862 1855 2002 1895 Persei

352 1909 628 1953 coniunctim,
655 1911 774 1957 quasi
800 1913 844 1948 in
870 1911 1028 1958 Figura
1053 1910 1296 1958 Triquetra,
1328 1913 1452 1949 cuius
1477 1913 1648 1958 apicem
1672 1910 1820 1949 versus
1845 1909 2003 1948 Polum

352 1963 557 2010 Cepheus
587 1970 782 2010 occupat.
814 1964 940 2002 Basin
966 1964 1143 2002 Perseus
1169 1964 1206 2002 &
1233 1964 1540 2007 Andromeda:
1572 1964 1799 2012 Cassiopea
1823 1974 1929 2002 vero
1957 1965 2003 2001 in

351 2017 495 2053 medio
512 2023 641 2063 atque
659 2029 774 2059 area,
791 2017 897 2055 solio
915 2017 1075 2055 residet.
1094 2019 1134 2055 A
1151 2017 1293 2055 Poetis
1310 2023 1458 2056 autem
1475 2019 1586 2055 inter
1600 2017 1753 2056 Sidera
1769 2017 1907 2055 relata
1922 2015 2002 2054 fin-

350 2071 472 2115 gitur.
493 2070 609 2116 quod
626 2076 715 2107 tarn
732 2073 953 2118 arroganti
969 2071 1290 2118 praesumtione,
1313 2083 1414 2109 cum
1431 2071 1601 2109 Iunone
1618 2077 1694 2109 aut
1711 2069 1933 2119 Nymphis
1949 2069 2002 2108 de

352 2122 521 2159 Formae
544 2123 799 2161 excellentia
820 2124 1082 2162 contendere
1104 2124 1208 2162 ausa
1229 2124 1286 2167 fit,
1309 2124 1534 2172 Diuasque
1556 2135 1647 2172 prae
1668 2123 1708 2162 se
1725 2123 2003 2172 impudenter

351 2175 546 2217 fastidire,
570 2183 612 2213 vt
636 2183 895 2224 perpetuum
918 2177 963 2215 fit
988 2178 1239 2224 exemplum
1262 2178 1527 2216 Mortalibus
1548 2178 1741 2216 vitandae
1762 2176 2001 2225 Superbiae.

351 2229 536 2275 ideoque
561 2231 618 2266 ita
642 2230 849 2276 disposita.
874 2237 915 2268 vt
940 2231 1155 2274 indecore,
1183 2231 1338 2278 Capite
1365 2231 1580 2278 resupino.
1608 2233 1843 2273 exoriatur,
1870 2235 2002 2278 atque

350 2281 599 2328 Siliquastro
611 2295 635 2320 a
646 2284 871 2320 nonnullis
883 2284 937 2321 ob
948 2285 1135 2322 eandem
1145 2287 1433 2322 temeritatem
1444 2284 1625 2322 insidere
1636 2285 1817 2327 dicatur,
1828 2283 2001 2322 eadem-

351 2346 434 2381 que
448 2334 609 2372 fortasse
622 2336 673 2373 de
687 2336 813 2373 causa
823 2337 1112 2379 Arundinem.
1126 2344 1339 2384 tanquam
1353 2337 1517 2376 inflatae
1530 2338 1743 2386 superbiae
1754 2336 2002 2385 atqueleui·

350 2390 446 2424 tatis
464 2388 856 2435 Hieroglyphicum
874 2396 1191 2428 manutenens

404 2442 546 2487 Atque
565 2441 658 2479 haec
677 2443 727 2479 dc
746 2443 982 2490 Cassiopeae
1001 2443 1196 2481 sabulosa
1214 2444 1493 2486 Narratione.
1517 2444 1588 2482 etfi
1610 2446 1748 2482 nimia
1767 2443 1877 2482 forte
1893 2442 2000 2481 sunt.

350 2494 523 2531 Addam
548 2501 693 2532 tamen
718 2497 871 2533 eadem
896 2497 947 2533 de
972 2509 1016 2533 re
1041 2497 1254 2534 Carmina
1279 2498 1402 2535 Arati
1427 2499 1452 2534 a
1476 2497 1705 2540 Cicerone.
1730 2497 2002 2536 Germanico

1811 2548 1998 2592 Caesare.

2040 1867 2074 1894 ³0

2040 2133 2074 2160 35

2038 2399 2072 2425 ⁴0

2039 2501 2059 2533 ἑ
