2164 3246
447 211 1106 251 PROGYMNASMATUM
1128 212 1332 250 PRIMA
1354 212 1505 251 PARS
1729 214 1806 252 227

152 315 316 360 Rectas,
337 316 367 354 fi
387 318 433 354 in
451 317 568 355 idem
584 318 838 362 reciderent,
859 331 939 366 pro
956 324 1050 357 rata
1067 330 1166 357 eam
1183 318 1331 366 ipsam,
1353 331 1488 367 quam
1505 320 1637 358 ambo
1654 323 1807 359 vnani-

151 371 278 408 miter
294 369 600 414 exhibuerunt,
618 371 852 409 reseruaui.
871 372 947 410 Sin
963 378 1113 410 autem
1129 372 1281 419 aliqua
1291 373 1511 411 minutula
1523 374 1807 412 intercederet

151 422 397 461 differentia
418 423 579 470 (neque
602 426 721 462 enim
742 424 837 462 haec
854 437 1016 473 magna
1033 426 1108 463 esse
1125 425 1270 473 potest,
1287 426 1316 463 fi
1334 426 1592 464 Obseruatio
1609 429 1687 465 rite
1706 439 1806 465 con—

63 484 126 516 225
150 475 240 523 stet)
262 478 356 514 eius
376 477 609 515 dimidium
629 474 826 527 mi-ssnori
843 478 1095 516 Ascenfioni
1117 477 1258 517 Reclae
1280 480 1488 523 additum,
1511 480 1581 518 vel
1603 482 1629 517 a
1649 483 1807 519 maiori

97 544 113 569 ⁵
150 529 380 574 sublatum,
401 529 562 577 absque
579 533 702 568 omni
718 531 989 569 haefitatione
1007 531 1205 571 exactam
1223 532 1380 577 Stellae,
1403 533 1455 570 de
1478 545 1566 580 qua
1585 535 1805 582 agebatur,

149 582 459 621 Ascenfionem
476 582 653 622 Rectam
669 584 972 623 manifestauit.

203 636 272 676 Sic
283 636 355 675 vbi
366 648 444 684 per
454 637 740 684 AEquatorias
752 638 964 676 Armillas
976 638 1072 676 haec
1084 638 1315 676 obseruare
1328 641 1537 687 aggressus
1550 640 1655 683 sum,
1674 643 1806 679 etiam

149 690 226 735 bis,
243 692 373 728 vnius
389 692 686 738 incompertae,
704 703 805 738 quae
822 691 994 730 duabus
1006 694 1120 729 notis
1132 694 1494 739 interponeretur.
1513 693 1805 732 differentiam

149 743 504 782 Ascenfionalem
524 743 628 782 hinc
648 745 750 782 inde
772 745 1015 792 exploraui,
1038 751 1168 792 atque
1191 748 1284 783 eius
1301 745 1610 784 Ascenfionem
1630 747 1805 786 Reclam

82 810 113 836 ιο
149 796 368 835 viceversa
384 798 684 845 comprobaui,
703 797 740 835 8(
756 798 786 836 fi
802 810 914 845 opus
930 798 1040 836 foret
1056 801 1226 836 ratione
1243 801 1333 837 iarn
1350 798 1473 843 dicta,
1496 800 1694 838 limitaui.
1718 801 1804 839 Ne-

149 862 234 899 que
257 852 375 889 enim
401 850 473 889 hic
495 851 802 899 supputatione
825 851 990 900 Anguli
1014 851 1272 890 differentiae
1296 852 1465 891 Ascens.
1491 865 1513 891 e
1536 854 1671 892 tribus
1695 855 1805 893 datis

149 904 376 943 Lateribus
393 916 506 952 opus
522 904 589 949 est,
607 917 708 943 cum
719 905 860 952 ipsum
872 905 1211 943 Instrumentum
1222 906 1513 944 Armillarum
1525 907 1804 955 AEquatoria-

149 969 248 997 rum
266 957 385 996 hunc
401 958 642 1006 Angulum,
664 961 740 1006 qui
755 958 873 996 idem
890 958 945 996 est
962 970 1063 996 cum
1079 958 1326 998 differentia
1342 959 1511 998 Ascens.
1529 960 1803 1008 AEquatoria,

148 1014 260 1050 inter
283 1010 608 1050 obseruandum
630 1012 851 1060 largiatur.
879 1012 1002 1059 Quin
1025 1012 1063 1050 8(
1086 1012 1443 1051 Declinationem
1467 1013 1624 1057 Stellae,
1649 1014 1735 1053 fiue
1760 1017 1805 1052 in

82 1079 112 1104 15
149 1065 416 1109 Meridiano,
432 1065 521 1104 fiue
533 1071 655 1104 extra
666 1065 869 1110 versetur,
888 1066 1056 1104 eaedem
1068 1066 1269 1104 Armillae
1286 1069 1472 1105 minimo
1489 1070 1671 1115 negocio
1685 1068 1804 1106 exhi-

148 1118 266 1157 bent:
283 1118 394 1157 alias
409 1130 487 1166 per
499 1118 805 1166 Quadrantem
822 1131 875 1157 ex
887 1119 1131 1157 Altitudine
1148 1120 1414 1163 Meridiana‚
1432 1120 1627 1159 adhibita
1639 1121 1803 1169 AEqua-

147 1174 253 1211 toris
272 1171 558 1211 inclinatione
579 1173 916 1217 demetiendam,
938 1173 1008 1211 vel
1029 1178 1150 1211 extra
1170 1173 1473 1211 Meridianum
1490 1186 1512 1212 e
1530 1175 1631 1213 data
1647 1175 1804 1213 Altitu-

91 1230 111 1261 τ
149 1226 250 1265 dine
266 1231 399 1274 atque
414 1226 670 1271 Azimutho,
688 1238 789 1274 quae
805 1229 916 1265 ratio
933 1227 1182 1274 perplexior
1199 1227 1265 1271 est,
1282 1227 1513 1275 minusque
1530 1234 1634 1266 tuta.

201 1280 389 1318 Inuenta
408 1281 537 1328 igitur
557 1282 717 1328 quouis
735 1279 898 1318 horum
914 1281 1151 1318 modorum
1167 1281 1438 1319 adminiculo
1455 1281 1600 1319 Stellae
1617 1282 1803 1320 alicuius

78 1346 112 1372 20
147 1332 409 1372 Ascenfione
426 1331 558 1372 Recta
577 1339 708 1381 atque
726 1333 1049 1377 Declinatione,
1071 1334 1263 1372 eiusdem
1280 1334 1618 1383 Longitudinem
1636 1335 1674 1373 8(
1691 1336 1803 1373 Lati-

147 1387 345 1426 tudinem
368 1385 560 1435 respedtu
584 1387 804 1435 Eclipticae
828 1387 1051 1435 dispertiri,
1074 1387 1314 1426 secundum
1338 1388 1604 1426 Methodum
1628 1401 1654 1427 a
1677 1389 1803 1427 nobis

147 1446 279 1480 antea
288 1442 336 1479 in
347 1440 557 1479 consimili
569 1443 752 1489 negocio
764 1441 1027 1489 vsurpatam‚
1044 1453 1136 1479 non
1149 1441 1203 1479 est
1216 1441 1403 1485 difficile,
1421 1453 1521 1480 curn
1537 1453 1614 1489 per
1626 1445 1803 1480 Vnicum

147 1494 437 1543 Triangulum
453 1506 521 1532 res
538 1496 683 1532 omnis
699 1494 867 1533 absolui
884 1501 1027 1542 queat.

200 1548 367 1587 Verum
386 1559 442 1586 ne
462 1547 631 1596 semper
650 1548 829 1587 taediosa
850 1548 888 1586 8(
908 1548 1041 1596 longa
1061 1548 1368 1596 supputatione
1390 1548 1472 1587 hac
1491 1551 1537 1586 in
1553 1555 1674 1596 parte
1691 1561 1803 1596 opus

77 1614 111 1640 25
147 1601 269 1647 foret,
278 1601 498 1640 Tabulam
509 1602 736 1649 quandam
748 1614 802 1640 ex
814 1614 903 1650 qua
914 1614 991 1650 per
1002 1602 1342 1640 declinationem
1352 1608 1484 1649 atque
1494 1602 1802 1641 Ascenfionem

147 1654 323 1694 Rectam
348 1655 509 1700 datam,
535 1655 876 1704 Longitudinem
899 1655 937 1693 8(
961 1656 1257 1694 Latitudinem
1282 1655 1472 1693 cuiusuis
1496 1656 1641 1694 Stellae
1665 1656 1802 1694 subito

147 1720 300 1748 eruere
322 1708 462 1754 liceat,
485 1720 577 1747 non
599 1720 740 1757 paruo
762 1709 932 1748 Labore
957 1709 1142 1747 construi
1163 1708 1256 1753 feci,
1281 1721 1381 1756 quae
1402 1709 1577 1757 lingulis
1597 1710 1802 1757 gradibus

59 1769 124 1801 226
147 1759 456 1813 Ascen-ufionis
468 1760 611 1801 Rectae
622 1774 700 1810 per
710 1768 851 1801 totum
862 1763 1117 1810 AEquatoris
1130 1763 1356 1807 ambitum,
1370 1762 1408 1800 8(
1420 1762 1802 1801 Declinationibus

147 1815 367 1855 hincinde
382 1816 515 1864 vl'que
531 1816 587 1855 ad
602 1816 666 1855 32.
683 1816 843 1865 gradus
859 1816 1070 1854 distantiae
1087 1816 1141 1854 ab
1158 1816 1414 1863 AEquatore,
1433 1816 1746 1864 Longitudines
1763 1816 1801 1853 8(

76 1882 110 1908 30
146 1870 418 1909 Latitudines
437 1869 639 1918 praefinit‚
661 1872 707 1908 in
727 1870 932 1919 gradibus
950 1869 988 1907 8(
1004 1869 1215 1917 scrupulis
1232 1881 1322 1907 non
1343 1869 1493 1908 saltem
1509 1872 1660 1917 primis
1676 1869 1746 1908 sed
1764 1869 1801 1907 8(

145 1923 355 1968 secundis,
371 1923 681 1971 praesuppofita
697 1935 762 1969 ea,
775 1935 876 1971 quae
888 1935 915 1962 a
926 1923 1053 1961 nobis
1065 1924 1307 1961 adinuenta
1322 1923 1389 1965 est,
1402 1923 1656 1971 AEquatoris
1670 1930 1799 1971 atque

146 1977 366 2026 Eclipticae
382 1977 438 2016 ad
453 1979 648 2016 inuicem
664 1977 966 2025 obliquatione
982 1979 1191 2015 maxima.

199 2031 331 2070 Hanc
347 2036 496 2070 autem
507 2030 728 2069 Tabulam
742 2042 835 2069 non
851 2032 978 2078 parui
989 2030 1220 2078 Temporis
1237 2030 1461 2077 impendio
1476 2032 1799 2073 concinnatam,

145 2083 255 2123 alias
279 2084 352 2123 vbi
376 2084 430 2123 de
455 2084 847 2123 Instrumentorum
874 2096 1077 2122 meorum
1103 2084 1285 2122 Fabrica
1314 2089 1445 2131 atque
1471 2083 1559 2127 vsu,
1590 2084 1800 2131 peculiari

75 2149 109 2175 3⁵
144 2137 371 2176 volumine
389 2137 583 2186 (fauente
600 2138 742 2184 DEO)
759 2136 934 2176 acturus
950 2137 1056 2181 sum,
1073 2139 1162 2175 vna
1178 2149 1279 2175 cum
1290 2137 1504 2185 plerisque
1517 2137 1627 2185 alijs,
1645 2137 1699 2175 ad
1714 2137 1799 2175 Ob-

144 2190 443 2230 seruationum
463 2191 637 2236 Praxin,
661 2193 706 2229 in
729 2191 989 2229 destinatum
1009 2191 1146 2229 finem
1167 2191 1451 2239 dirigendam,
1476 2193 1674 2238 apprime
1698 2190 1798 2228 faci-

145 2244 329 2290 entibus,
346 2245 546 2284 lubenter
562 2244 601 2283 8(
616 2245 852 2284 liberaliter
868 2244 1219 2283 communicabo.

197 2298 330 2337 Nunc
350 2299 406 2344 id,
428 2298 547 2347 quod
568 2300 614 2337 in
631 2298 773 2337 Stellis
794 2298 1054 2346 quibusdam
1071 2298 1126 2336 ad
1143 2297 1332 2346 fingulos
1348 2298 1528 2336 Zodiaci
1545 2297 1799 2335 Asterismos

144 2352 472 2400 pertinentibus,
495 2351 905 2400 exemplificationis
924 2352 1021 2390 loco
1038 2351 1207 2390 adferre
1225 2351 1434 2395 constitui,
1456 2352 1646 2389 breuiter
1667 2357 1798 2398 atque

75 2416 109 2442 4ο
145 2405 297 2445 ordine
313 2405 527 2445 succincto
543 2406 876 2454 intelligendum
893 2405 1337 2454 conspiciendumque
1354 2416 1614 2453 proponam.

249 2574 299 2600 29·
1427 2563 1794 2603 VERIFICATIO
