2164 3246
426 202 1085 244 PROGYMNASMATUM
1108 205 1420 245 SECUNDA
1442 208 1593 247 PARS
1761 210 1838 248 359

185 316 292 358 part.
309 310 345 348 9.
364 308 391 358 l.
408 310 466 353 5⁷¹2,
488 316 617 357 prout
637 312 727 347 iam
743 313 893 358 patuit,
915 315 1119 359 prouenit
1136 324 1188 350 ex
1205 313 1272 351 his
1288 314 1424 352 tribus
1441 315 1639 353 videlicet
1656 319 1836 364 cognitis

96 370 160 403 377
185 363 412 402 Lateribus
423 364 535 411 Ang.
549 362 677 401 CBA
690 360 704 413 ΙΙ
717 370 823 411 part.
836 365 899 403 48.
914 364 939 413 l.
953 365 1015 403 35.
1030 364 1041 413 l
1048 364 1059 413 s
1066 396 1072 403 .
1086 366 1148 410 25,
1165 368 1239 413 qui
1251 366 1442 405 sublatus
1454 369 1508 406 ab
1520 369 1698 417 Angulo
1712 370 1793 407 BA
1803 370 1835 408 E

184 419 230 455 in
252 418 387 464 priori
406 416 647 464 Triangulo
668 423 852 464 reperto,
877 418 1082 466 relinquit
1104 419 1230 458 CAE
1252 427 1418 463 notum.
1441 428 1547 468 part.
1569 422 1631 460 26.
1653 425 1758 461 min.
1781 423 1833 461 lO.

186 468 229 519 ll.
246 470 308 514 45,
327 481 415 517 quo
431 469 627 517 sequenti
643 469 884 519 Triangulo
900 478 1083 510 vtemur.

131 537 146 562 s
236 523 437 562 Tandem
454 525 603 571 itaque
619 525 666 561 in
681 523 922 572 Triangulo
940 525 1067 564 CEA
1084 538 1137 564 ex
1154 527 1255 564 dato
1273 527 1426 565 Latere
1443 529 1525 566 ΑΕ
1543 528 1580 566 8(
1597 528 1695 572 AC.
1718 537 1760 567 vt
1781 541 1834 568 ex

182 577 403 625 praemissis
419 579 570 625 patuit,
587 577 855 625 Anguloque
871 581 1110 627 intercepto
1128 579 1254 618 CAE
1273 581 1348 626 (vti
1364 582 1497 619 modo
1514 582 1721 629 diximus)
1741 595 1833 630 per-

183 630 349 679 quifito,
365 630 562 669 Tertium
574 630 708 669 Latus
721 631 813 675 CE,
831 631 1219 680 Complementum
1231 633 1490 672 Latitudinis
1507 635 1833 683 repraesentans,

182 696 275 723 non
294 683 605 722 desiderabitur
624 690 732 731 part.
754 685 816 723 36.
840 684 865 733 l.
884 687 937 724 15.
961 685 1003 733 sl.
1022 686 1078 729 10;
1101 687 1138 724 8(
1159 688 1247 724 vna

182 739 228 776 in
246 738 404 776 eodem
418 737 660 786 Triangulo
678 749 700 776 e
717 739 853 776 tribus
869 740 1150 778 manifestatis
1167 741 1245 778 La-

114 803 145 829 ιο
181 791 356 836 teribus,
377 791 582 839 Angulus
602 791 731 830 AEC
751 792 927 839 patefiet
947 799 1054 840 part.
1077 794 1112 831 7.
1136 793 1160 841 s.
1182 794 1245 831 42.

183 843 227 893 ll.
239 845 302 889 56,
320 844 614 883 differentiam
626 845 930 893 Longitudinis
943 846 1089 884 Nouae
1102 847 1245 885 Stellae

181 898 236 937 ab
246 909 311 943 ea,
319 910 420 946 quae
431 898 541 936 estin
550 898 705 946 Capite
714 898 965 947 Cassiopeae,
975 900 1244 938 mensurans.

181 951 389 990 Prouenit
397 953 546 999 itaque
556 951 707 990 habita
716 952 1001 1000 dispositionis
1008 953 1246 992 secundum

181 1003 360 1044 dudlum
374 1005 608 1053 Eclipticae‚
625 1005 982 1051 confideratione‚
1000 1007 1245 1055 Longitudo

113 1071 144 1097 15
180 1058 303 1097 Noui
314 1058 448 1097 huius
459 1059 629 1097 Iubaris
641 1061 687 1097 in
698 1066 805 1107 part.
816 1060 852 1098 6.
865 1059 890 1108 l.
901 1061 963 1099 53.
976 1059 1019 1108 ll.
1030 1061 1081 1099 56
1096 1064 1153 1105 ὅ,
1166 1061 1245 1099 La—

179 1112 364 1151 titudine
375 1114 498 1151 iuxta
510 1112 901 1160 Complementum
914 1114 950 1152 C
959 1114 992 1152 E
1004 1116 1125 1162 prius
1136 1114 1245 1152 indi-

181 1166 1244 1215 catum,coincidentepart.53.l.45sextasaltemde-

180 1218 352 1258 ficiente
361 1219 551 1268 scrupuli
559 1226 694 1268 parte.
704 1220 818 1267 Quae
826 1222 1032 1259 inuenisse
1042 1224 1244 1268 oportuit.

219 1317 468 1357 IDIPSUM
490 1318 666 1366 QUOD
687 1318 908 1364 ANTEA,
930 1319 964 1357 E
985 1318 1205 1358 STELLA

109 1392 144 1418 20
245 1380 435 1419 IUXTA
456 1380 791 1420 CINGULUM
813 1382 993 1420 INFRA
1015 1382 1181 1420 MAM-

312 1443 439 1482 MAS
468 1443 820 1489 CASSIOPEAE,
849 1444 1110 1483 NUMERO

338 1505 565 1551 TERTIA,
583 1506 621 1545 &
638 1507 715 1545 EA
735 1506 880 1554 QUAE
901 1507 1084 1546 PROPE

375 1568 527 1608 CRUS
548 1569 653 1608 EST
674 1569 902 1608 ORDINE
924 1569 1050 1608 SEX-

416 1631 508 1677 TA,
529 1631 1007 1671 PERSENTISCERE.

108 1705 143 1731 25
685 1695 723 1732 V

284 1755 354 1794 AT
350 1757 391 1794 A
403 1757 563 1804 quibus
575 1756 646 1795 hic
658 1763 843 1802 vtemur,
858 1757 954 1795 sunt
968 1757 1241 1795 eiuscemodi.

302 1809 497 1849 Dissabat
522 1810 658 1850 Noua
682 1811 737 1850 ab
763 1823 828 1855 ea,
855 1822 955 1858 quae
981 1813 1026 1848 in
1053 1811 1242 1859 Cingulo

178 1868 286 1910 part.
307 1863 343 1902 6.
367 1862 393 1912 Ι.
414 1864 477 1909 53,
499 1876 526 1902 a
547 1864 688 1903 Crure
709 1876 815 1903 vero
835 1865 878 1902 P.
900 1865 936 1903 9.
960 1863 985 1912 l.
1008 1864 1070 1903 48.
1093 1864 1242 1911 Quare

178 1917 224 1954 in
239 1918 442 1964 proximo
458 1917 654 1966 sequenti
666 1918 946 1967 Figuratione
962 1917 1242 1965 intelligendo

108 1981 142 2008 ³0
178 1970 297 2018 quod
306 1971 347 2008 A
357 1971 599 2019 Cingulum
609 1972 860 2020 Cassiopeae‚
874 1972 907 2010 B
917 1983 1022 2009 vero
1033 1983 1132 2009 eam
1143 1983 1242 2018 quae

178 2025 224 2062 in
245 2023 385 2063 Crure
409 2024 476 2070 est,
500 2025 673 2070 indicet,
698 2028 865 2064 caeteris
888 2025 928 2063 se
949 2031 992 2063 vt
1015 2031 1145 2063 antea
1166 2024 1241 2062 ha-

176 2076 390 2123 bentibus,
407 2078 504 2117 haec
519 2079 767 2126 prodibunt.

225 2130 281 2176 Jn
302 2130 477 2180 Triang.
501 2132 639 2177 BEA,
664 2132 719 2171 est
743 2133 834 2171 Lat.
858 2132 953 2175 AE,
978 2131 1020 2169 P.
1042 2132 1104 2169 42.
1132 2131 1156 2179 l.
1178 2132 1240 2170 55.

178 2183 266 2229 BE,
283 2184 326 2223 P.
338 2185 401 2223 42.
416 2183 442 2233 Ι.
454 2186 509 2230 31,
526 2187 658 2225 ambo
674 2198 751 2234 per
764 2186 1103 2233 Complementa
1117 2185 1240 2223 Latit.

107 2248 140 2275 35
177 2236 412 2277 Stellarum
423 2245 541 2284 nota,
553 2239 840 2288 Angulusque
853 2238 1100 2277 interied'tus
1112 2239 1240 2281 ΑΕΒ,

176 2296 284 2338 part.
301 2292 355 2330 14.
374 2290 399 2340 Ι.
417 2292 502 2337 35-ὲ,
525 2305 658 2341 quem
674 2292 921 2331 differentia
938 2292 1242 2340 Longitudinis

176 2345 351 2392 praebet.
369 2346 482 2394 Ergo
499 2349 675 2385 tertium
687 2347 821 2385 Latus
834 2347 911 2386 BA
925 2346 1072 2384 euadit
1084 2352 1191 2393 part.
1204 2346 1240 2383 9.

89 2402 153 2435 378
178 2395 297 2445 l.53{,
310 2395 324 2449 ΙΙ
337 2410 438 2437 cum
450 2400 679 2439 obseruata
689 2400 923 2439 Stellarum
935 2399 1132 2437 distantia
1144 2399 1242 2437 satis

176 2451 461 2554 {gall-enfiffs’
479 2452 517 2491 &
533 2453 707 2502 insuper
719 2453 879 2502 Angul.
893 2453 1017 2491 EBA
1031 2455 1116 2490 exit
1132 2459 1239 2500 part.

105 2515 140 2542 40
231 2535 238 2543 .
275 2536 283 2543 .
300 2506 363 2545 55.
418 2537 425 2544 .
442 2507 496 2544 41.
