2243 3225
396 197 472 235 388
767 190 1219 230 ASTRONOMIAE
1242 188 1662 228 INSTAURATAE

395 302 556 338 [itatem
574 298 718 346 quoad
736 297 978 335 distantiam
999 299 1044 334 in
1065 296 1274 343 superiori
1290 302 1420 343 atque
1437 294 1632 332 inferiori
1649 294 1888 333 Meridiani
1905 295 2035 333 collo·

396 355 576 395 catione,
601 351 638 388 &
660 349 850 398 respectu
875 348 1088 387 dietarum
1110 351 1156 386 in
1180 349 1335 396 Capite
1359 347 1397 385 8(
1421 347 1643 386 Cathedra
1666 347 1917 395 Cassiopeae‚
1942 354 2036 386 tum

395 405 628 453 praesertim
652 404 817 441 Polaris
837 399 851 452 ΙΙ
873 402 1111 440 obtinuisset
1134 402 1230 439 haec
1253 401 1398 444 Stella,
1421 401 1555 439 modo
1578 403 1777 448 proxime
1800 403 1914 439 intra
1933 401 2035 440 Ter·
2061 407 2125 440 422

394 461 536 496 minos
562 458 747 494 Lunaris
773 455 967 502 Sphaerae
994 454 1212 492 effulfisset.
1239 454 1356 492 Cum
1381 460 1530 492 autem
1555 465 1840 501 nequaquam
1864 460 2036 493 tantum

395 511 636 549 exhibuerit
652 508 1028 555 intercapedinum
1044 507 1284 551 discrimen,
1303 509 1392 545 imo
1408 506 1582 554 prorsus
1598 507 1784 551 nullum,
1801 507 2036 546 absurdum
2075 520 2090 545 ⁵

395 564 460 607 est,
469 563 586 610 quod
594 561 890 601 assumebatur.
899 561 1077 599 Stellam
1085 561 1283 598 videlicet
1290 560 1471 598 Nouam
1481 560 1639 598 limites
1646 560 1833 599 Lunaris
1840 560 2037 608 Sphaerae

395 628 484 654 non
501 616 716 657 excessisse;
735 615 925 661 Ideoque
943 625 1041 652 eam
1057 616 1103 651 in
1118 613 1216 651 loco
1233 613 1383 661 aliquo
1395 613 1540 651 adhuc
1551 612 1698 651 Terris
1708 615 1912 661 propiore
1923 613 2039 652 infra

395 680 640 707 concauum
661 667 855 715 Sphaerae
877 667 1016 704 Lunae
1037 667 1222 711 extitisse,
1247 667 1393 714 (prout
1412 666 1683 705 Aristotelica
1703 678 1794 704 non
1814 666 1939 705 aliter
1958 666 2039 705 fert

394 721 688 769 Philosophia)
713 721 840 768 longe
864 719 919 757 est
941 719 1212 758 falfissimum.
1240 719 1328 766 Qui
1348 731 1454 758 vero
1474 719 1590 758 hanc
1608 719 2037 758 Demonstrationem

394 775 625 822 infringere
647 779 840 817 conatur,
862 773 1103 811 admodum
1124 784 1290 811 caecum
1310 772 1660 817 Obseruatorem‚
1682 773 2037 811 Instrumentum-
2078 785 2109 811 ιο

395 840 478 875 que
499 827 624 865 nihili
644 827 758 864 fuisse
780 825 1050 869 demonstret,
1068 826 1228 864 necesse
1245 826 1312 864 est.
1333 827 1393 864 At
1409 826 1635 874 quomodo
1651 825 1746 864 fieri
1761 826 1901 874 posset,
1917 831 1962 864 vt
1977 826 2038 864 vl-

393 888 458 919 tra
474 883 689 928 integrum
704 880 887 927 gradum
903 879 1203 923 hallucinatio,
1225 879 1295 917 vel
1315 879 1446 927 culpa
1462 879 1778 924 Obseruatoris,
1798 879 1869 917 vel
1885 879 2038 918 Instru-

395 936 540 977 menti‚
558 935 835 980 contingeret,
853 944 906 970 ea
921 932 1158 979 praesertim
1174 932 1370 971 adhibita
1385 932 1609 981 diligentia
1625 932 1663 970 &
1679 932 1969 977 cautionibus,
1985 932 2039 971 de

395 987 551 1034 quibus
572 987 701 1024 antea
722 984 882 1024 dicium
901 985 967 1023 est.
985 985 1083 1031 Jmo
1100 985 1169 1023 vel
1187 985 1276 1024 solo
1293 987 1452 1024 intuitu
1468 985 1628 1033 absque
1644 985 1734 1024 vllo
1751 985 2038 1024 Instrumento

393 1040 571 1077 discerni
596 1044 776 1086 poterat,
802 1038 980 1077 Stellam
1006 1038 1122 1077 hanc
1145 1050 1431 1086 nequaquam
1453 1044 1621 1077 tantam
1644 1039 1871 1077 admittere
1894 1039 2038 1078 Paral-
2080 1051 2110 1076 15

393 1093 524 1135 laxin‚
547 1093 677 1139 idque
699 1094 1026 1139 comparatione
1048 1090 1161 1130 facta
1176 1092 1231 1130 ad
1248 1092 1441 1131 mediam
1459 1092 1694 1131 Cathedrae
1711 1092 1940 1131 Stellulam
1960 1104 2039 1131 nu·

392 1157 514 1183 mero
526 1146 802 1183 vndecimam
815 1144 888 1183 fibi
900 1147 1103 1189 vicinam,
1121 1157 1222 1192 quae
1234 1157 1326 1184 non
1337 1145 1465 1194 longe
1478 1147 1504 1183 a
1517 1145 1770 1184 Meridiano
1782 1146 2040 1185 remoueba-

392 1205 472 1241 tur,
490 1199 623 1236 Noua
639 1198 799 1236 ibidem
818 1198 1054 1236 constituta.
1073 1198 1185 1236 Haec
1202 1201 1321 1237 enim
1338 1210 1439 1237 cum
1453 1199 1795 1238 reueraaNoua
1806 1198 1940 1237 Stella
1950 1199 2039 1238 vbi-

393 1263 477 1299 que
490 1251 689 1295 distiterit,
702 1251 977 1298 sesquialtero
989 1251 1143 1299 gradu;
1161 1252 1210 1290 In
1222 1252 1432 1299 superiori
1445 1252 1554 1296 loco,
1567 1264 1655 1290 vno
1668 1251 1706 1290 8(
1717 1252 2040 1300 propemodum

393 1305 562 1343 duabus
573 1306 705 1352 tertijs
715 1317 721 1342 :
730 1305 784 1350 Jn
794 1304 989 1342 inferiori
999 1310 1159 1349 autem,
1172 1317 1263 1343 non
1274 1305 1406 1353 plane
1416 1308 1633 1354 integrum
1641 1305 1827 1354 gradum
1836 1305 2039 1349 abfuisset.
2077 1317 2111 1343 20

392 1361 450 1396 ita
462 1364 504 1395 vt
520 1358 617 1405 plus
629 1369 716 1395 vno
732 1369 831 1395 cum
848 1358 1017 1402 semisse,
1034 1360 1179 1396 maius
1190 1359 1475 1397 interuallum
1487 1361 1601 1397 circa
1611 1359 1829 1397 Verticem
1841 1358 2040 1403 euafisset,

393 1423 526 1458 quarn
547 1411 663 1449 idem
685 1410 806 1455 foret,
831 1423 930 1449 cum
951 1413 995 1449 in
1017 1411 1244 1450 decliuiori
1264 1412 1343 1450 fitu
1364 1412 1601 1450 Horizonti
1621 1414 2039 1460 appropinquarent.

393 1465 536 1511 Atque
561 1476 659 1502 eam
683 1464 986 1508 diuerfitatem,
1010 1467 1056 1502 in
1078 1471 1168 1503 tam
1191 1467 1441 1513 propinquo
1465 1465 1700 1504 interuallo
1721 1465 1860 1504 oculis
1880 1465 2040 1514 absque

393 1517 480 1555 vllo
498 1517 585 1555 alio
602 1518 746 1555 medio
764 1529 853 1555 non
871 1517 1123 1562 discernere,
1141 1521 1342 1557 caecutire
1359 1521 1504 1567 potius
1520 1518 1653 1557 fuisset
1669 1530 1806 1566 quam
1821 1530 2011 1557 cernere.

447 1570 712 1608 Nullatenus
732 1573 879 1618 itaque
901 1571 1068 1609 admitti
1090 1572 1234 1619 potest,
1256 1572 1436 1611 Stellam
1456 1572 1571 1610 hanc
1592 1574 1792 1620 proxime
1810 1574 1925 1610 intra
1939 1571 2041 1611 Ter·
2079 1584 2111 1609 25

394 1626 536 1661 minos
554 1623 898 1662 Reuolutionum
915 1624 1171 1667 Lunarium,
1190 1625 1227 1663 8(
1243 1626 1383 1664 multo
1399 1628 1547 1664 minus
1563 1628 1609 1663 in
1624 1625 1722 1664 loco
1739 1625 1884 1664 adhuc
1897 1625 2043 1664 Terris

394 1679 601 1714 viciniore
627 1677 860 1719 constitissez
886 1677 1010 1715 Tunc
1036 1680 1154 1716 enim
1180 1681 1322 1717 maior
1343 1675 1357 1728 ΙΙ
1379 1679 1523 1717 adhuc
1549 1679 1761 1727 prodijsset
1786 1678 2042 1718 diuerfitatis
2066 1685 2127 1717 423

394 1730 606 1777 Angulus.
629 1730 778 1777 resque
800 1733 845 1768 in
866 1731 1143 1769 monstrosius
1160 1732 1395 1770 absurdum
1412 1733 1623 1771 deuoluta
1638 1731 1783 1770 fuisset.
1805 1731 1937 1779 Quod
1958 1731 2041 1771 hac

393 1785 534 1830 prima
550 1782 800 1822 inductione
817 1784 1110 1823 demonstrare
1128 1785 1438 1824 constituimus.

450 1837 706 1874 Notandum
730 1849 846 1880 vero,
874 1838 990 1885 quod
1014 1838 1042 1875 fi
1066 1838 1266 1876 infimam
1290 1839 1478 1877 Lunaris
1501 1838 1697 1886 Sphaerae
1721 1840 2042 1877 concauitatem
2078 1850 2111 1876 ³0

396 1892 515 1927 iuxta
536 1890 759 1928 Ptolemaei
781 1890 818 1928 8(
840 1891 1048 1929 Veterum
1071 1892 1229 1939 placita
1252 1892 1302 1930 33
1325 1892 1475 1931 saltem
1496 1904 1522 1931 a
1542 1892 1678 1931 Terra
1699 1892 2042 1931 Semidiametris
2078 1899 2098 1930 †

396 1946 613 1980 remoueri
630 1943 914 1986 statuerimus,
931 1951 1033 1982 tunc
1050 1948 1201 1983 omnia
1217 1946 1531 1988 antecedentia.
1549 1957 1649 1993 quae
1666 1947 1780 1984 circa
1792 1945 2043 1984 Parallaxes

396 1996 801 2039 demonstrauimus,
825 1998 963 2035 multo
987 2000 1156 2036 maiora
1181 2000 1542 2046 euidentioraque
1563 2001 1810 2046 prouenire.
1835 1998 1919 2038 Sed
1941 2009 2042 2037 cum

397 2049 706 2096 Copernicaeas
723 2052 766 2087 in
785 2051 910 2088 Luna
926 2051 1215 2099 Hypotheses.
1237 2052 1456 2090 distantias
1478 2055 1571 2090 eius
1592 2054 1761 2091 citimas
1777 2063 1883 2090 vero
1898 2053 2042 2100 proxi—

397 2104 555 2140 miores
579 2103 795 2144 exhibere.
821 2116 900 2141 nos
924 2104 1012 2152 ipsa
1035 2106 1230 2143 docuerit
1255 2105 1525 2149 Obseruatio.
1550 2106 1674 2144 nolui
1697 2105 1802 2144 falsa
1824 2111 1956 2153 atque
1978 2107 2041 2144 in·
2078 2117 2111 2143 ³⁵

397 2166 587 2202 congrua
605 2168 682 2202 pro
700 2159 802 2194 ratis
819 2157 856 2194 8(
873 2161 1104 2204 compertis
1121 2166 1359 2206 acceptare.
1379 2165 1468 2197 vtvt
1484 2159 1708 2197 diuersitas
1725 2159 1800 2197 illa
1815 2170 1892 2207 per
1907 2169 2042 2207 quam

397 2210 618 2255 negotium
631 2209 895 2256 propofitum
908 2212 1092 2257 probare
1103 2213 1339 2254 voluimus.
1353 2212 1435 2250 hac
1446 2215 1615 2251 ratione
1625 2212 1814 2260 amplior
1823 2212 2041 2251 euaderet.

398 2261 514 2298 Nam
533 2261 568 2298 8(
586 2263 701 2308 apud
720 2265 779 2300 rei
793 2266 1017 2301 veritatem
1034 2266 1349 2311 permanendo.
1367 2266 1465 2304 satis
1482 2266 1664 2304 euidens
1681 2265 1747 2304 est.
1766 2265 1897 2304 Nunc
1913 2265 2043 2304 altius

398 2313 526 2360 vsque
544 2315 597 2352 ad
616 2318 936 2354 conuexitatem
950 2317 1144 2364 Sphaerae
1158 2318 1321 2356 Solaris
1334 2319 1513 2357 Stellam
1526 2319 1714 2357 nostram
1731 2319 1968 2363 eleuantes.
1984 2329 2042 2357 an

398 2366 433 2403 &
453 2367 535 2404 illic
554 2375 626 2404 aut
645 2368 785 2414 spacio
803 2369 903 2407 huic
921 2370 956 2407 8(
977 2371 1114 2409 Lunae
1132 2371 1292 2410 finibus
1314 2374 1564 2420 intercepto,
1586 2373 1704 2420 quod
1726 2373 1860 2411 modo
1881 2371 2043 2411 dietum
2079 2382 2112 2409 σο

397 2431 422 2456 a
439 2419 572 2457 Terra
590 2421 642 2458 ad
663 2422 833 2459 Lunam
851 2426 1015 2461 circiter
1032 2427 1163 2462 vicies
1180 2433 1402 2472 exuperat.
1424 2426 1571 2464 locum
1587 2432 1680 2464 tuto
1701 2427 1912 2469 inueniat.
1933 2426 2042 2473 peri-

398 2473 544 2510 culum
563 2473 781 2512 faciemus.

1785 2531 2043 2580 Vsurpando
