2248 3298
427 246 1089 287 PROGYMNASMATUM
1110 249 1314 287 PRIMA
1336 250 1487 289 PARS
1736 251 1785 289 33

195 351 318 384 ANNI
340 351 756 389 AEQUINOCTIALIS
778 351 890 383 SIUE
910 352 1098 384 TROPICI
1120 353 1350 385 DISPARES
1372 354 1728 392 QUANTITATES,

323 404 539 437 DIUTINO
559 404 836 436 TEMPORUM
860 405 1196 443 INTERUALLO,
1219 407 1245 437 E
1267 407 1596 440 DIUERSORUM

423 457 695 490 ARTIFICUM
719 458 1184 491 OBSERUATIONIBUS
1205 460 1496 492 COLLECTAE.

1203 514 1286 539 Dies.
1332 514 1369 539 H.
1446 536 1449 539 .
1561 537 1565 540 .

80 569 96 594 ⁵
346 554 416 592 Ab
432 553 693 602 Hipparcho
714 554 770 592 ad
786 553 1076 592 Ptolemaeum
1203 555 1280 593 365
1336 556 1360 594 5
1417 557 1467 594 55
1528 557 1573 594 12

345 609 387 645 Α
431 607 672 646 Ptolemaeo
715 607 771 645 ad
787 607 1102 656 Albategnium
1202 608 1280 646 365
1336 609 1360 647 5
1417 610 1467 647 46
1523 610 1574 648 20

345 661 415 699 Ab
432 661 696 709 Albategnio
715 661 771 699 ad
787 660 890 698 nost.
909 660 1134 699 Obseruat.
1203 661 1280 699 365
1337 663 1360 699 5
1417 663 1467 700 49
1523 663 1573 701 29

346 715 387 752 A
431 714 671 753 Ptolemaeo
715 714 770 752 ad
787 714 890 752 nost.
909 714 1134 753 Obseruat.
1203 715 1280 753 365
1336 716 1359 753 5
1416 716 1466 753 47
1524 716 1574 754 52

186 781 251 819 Ex
271 780 340 819 his
359 781 459 819 satis
478 780 756 819 manifestum
777 780 832 819 est
853 783 1070 828 imparem
1091 782 1167 818 esse
1189 783 1295 819 anni
1317 782 1370 819 ab
1389 781 1787 829 AEquinoc'tialibus

66 843 96 870 ιο
133 835 203 873 vel
213 834 411 882 Tropicis
422 835 529 873 locis
540 835 1003 883 magnitudinem,vtut
1015 834 1240 872 diuerfitas
1252 834 1328 873 illa
1340 847 1440 882 quae
1453 836 1606 873 accidit
1619 839 1787 874 ratione

132 890 389 927 mutationis
404 889 707 937 Apogaeorum
724 887 762 925 8(
778 888 1129 932 Eccentricitatis,
1147 894 1468 936 praecaueatur:
1487 890 1604 936 quod
1621 889 1667 927 fit
1684 890 1786 928 assu-

132 941 295 980 mendo
313 942 474 989 vbique
494 942 732 990 fimplicem
753 941 866 980 Solis
885 947 1058 979 motum
1078 943 1200 979 iuxta
1215 941 1561 989 AEquinoctialia
1582 943 1691 987 loca,
1714 946 1788 990 qui

134 1007 157 1034 e
173 995 275 1034 dato
286 996 486 1044 Apogaeo
498 995 914 1043 Eccentricitateque
932 997 1026 1033 eius
1042 997 1251 1042 temporis
1267 995 1393 1033 facile
1411 995 1602 1034 constare
1619 999 1786 1043 poterit,

58 1055 101 1088 38
132 1060 210 1097 per
220 1045 412 1099 ve-ssrum
426 1055 610 1093 motum,
628 1051 703 1096 qui
719 1049 847 1087 datur
860 1051 907 1086 in
917 1051 1133 1097 principio
1147 1054 1193 1088 V
1209 1048 1247 1086 &
1263 1052 1304 1091 g.
1321 1060 1374 1086 ex
1386 1049 1476 1096 ipsa
1487 1049 1786 1097 AEquinoclio-

66 1111 96 1137 ¹⁵
133 1102 571 1141 rumObl'eruatione.
583 1103 731 1150 Atque
743 1102 827 1140 hoc
839 1103 974 1140 modo
983 1102 1080 1140 haec
1089 1102 1338 1150 praescripta
1346 1109 1545 1150 tempora
1555 1114 1631 1150 per
1641 1115 1787 1150 aequa-

133 1156 221 1194 lem
235 1162 408 1194 motum
423 1156 536 1195 Solis
552 1156 779 1194 limitatius
795 1167 822 1194 a
838 1156 966 1194 nobis
982 1155 1181 1203 disposita
1195 1155 1303 1193 sunt.
1326 1156 1534 1203 Hincque
1555 1155 1717 1194 factum
1734 1156 1788 1194 est

134 1209 253 1258 quod
273 1221 355 1247 nos
374 1212 487 1248 inter
506 1209 904 1248 PTOLEMAEVM
923 1209 961 1247 &
979 1209 1426 1247 ALBATEGNIVM
1447 1212 1553 1247 anni
1573 1212 1788 1258 magnitu-

133 1263 283 1302 dinem
297 1263 533 1311 paululum
547 1265 768 1301 minorem
785 1263 948 1311 (vtpote
961 1265 1186 1310 quaternis
1198 1262 1409 1310 scrupulis
1420 1263 1635 1309 secundis)
1653 1275 1788 1311 quam

76 1325 96 1356 †
133 1316 220 1364 ipse
235 1316 536 1365 Albategnius‚
554 1317 923 1365 assignauerimus.
941 1316 982 1354 Is
997 1316 1210 1364 fiquidem
1225 1328 1330 1354 vera
1346 1316 1443 1355 loca
1459 1316 1572 1355 Solis
1588 1319 1710 1355 iuxta
1726 1319 1788 1354 in-

63 1378 96 1404 20
133 1370 288 1418 gressus
303 1370 601 1409 Autumnales
617 1372 811 1408 inuicem
827 1370 1022 1415 contulit,
1040 1381 1142 1408 cum
1157 1370 1304 1408 media
1321 1369 1359 1407 &
1379 1369 1588 1417 fimplicia
1605 1370 1787 1408 adhibu-

133 1423 201 1462 isse
215 1425 351 1462 tutius
367 1423 406 1461 8(
421 1422 579 1462 ῐεᾶἰίιις
594 1423 740 1462 fuisset.

186 1477 401 1515 Potissima
421 1482 570 1516 autem
591 1479 702 1516 ratio
722 1477 1036 1525 inaequalitatis
1057 1489 1293 1521 annorum,
1318 1479 1450 1515 etiam
1472 1477 1556 1515 hoc
1579 1477 1712 1515 modo
1734 1477 1788 1515 ab

134 1541 188 1570 ea
202 1529 496 1576 difformitate‚
514 1543 615 1579 quae
632 1533 841 1580 contingit
856 1533 1027 1570 ratione
1043 1533 1300 1569 mutationis
1316 1531 1502 1579 Apogaei
1519 1531 1557 1569 &
1574 1531 1787 1568 Eccentri-

134 1586 285 1629 citatis,
307 1584 644 1628 vindicatorum,
670 1585 772 1623 inde
797 1587 1014 1633 prouenit,
1041 1585 1160 1632 quod
1178 1583 1523 1632 AEquinoctialia
1544 1583 1704 1631 puncta
1726 1587 1787 1622 in-

63 1646 97 1672 25
134 1637 409 1686 aequabiliter
429 1650 456 1677 a
476 1638 618 1677 Stellis
639 1638 738 1677 fixis
758 1639 976 1677 recedant.
1003 1638 1124 1676 Nam
1144 1640 1473 1686 comparatione
1495 1638 1550 1676 ad
1572 1637 1706 1676 affixa
1728 1637 1788 1676 Si-

134 1691 240 1730 dera
250 1691 412 1736 habita,
425 1703 578 1731 annua
589 1692 808 1736 restitutio,
822 1692 970 1740 quoad
981 1691 1220 1740 fimplicem
1235 1694 1278 1736 G>
1293 1697 1476 1733 motum.
1485 1697 1702 1739 ‘perpetuo
1715 1691 1789 1729 fibi

135 1744 333 1783 constans
348 1745 388 1783 &
403 1745 615 1794 regularis
631 1745 1000 1794 depraehenditur.
1023 1745 1157 1792 Quod
1177 1745 1537 1783 animaduertens
1553 1747 1618 1782 vir
1635 1745 1710 1782 alti
1726 1747 1788 1782 in-

133 1800 246 1847 genij
261 1798 300 1836 &
310 1799 457 1847 iudicij
472 1798 759 1847 Copernicus,
776 1800 832 1838 ad
848 1799 1085 1838 affixarum
1097 1799 1332 1838 Stellarum
1344 1798 1575 1846 Sphaeram
1586 1805 1789 1836 motuum

76 1859 97 1891 †
134 1854 502 1897 numerationem,
514 1855 662 1891 tamin
674 1852 774 1891 Sole
787 1865 923 1900 quam
934 1853 1114 1900 reliquis
1126 1853 1316 1890 Planetis
1328 1854 1566 1890 reuocauit.
1585 1851 1788 1889 Existimo

63 1913 97 1940 3⁰
134 1907 267 1944 etiam
279 1906 398 1953 quod
409 1906 505 1944 haec
514 1908 626 1945 ratio
636 1907 936 1954 antiquissimis
945 1906 1218 1944 Astronomis
1228 1908 1274 1944 in
1283 1905 1471 1954 AEgypto
1482 1905 1520 1943 8(
1530 1905 1787 1953 Babylonia.

133 1958 371 2007 vicinisque
383 1959 650 2008 Regionibus
665 1962 712 1998 in
722 1960 799 1998 vsu
815 1959 957 2003 fuerit,
973 1960 1072 1998 licet
1083 1960 1198 1998 hanc
1211 1960 1474 1997 Ptolemaeus
1486 1966 1699 2006 tanquam
1712 1958 1788 1996 dis-

133 2015 486 2058 conuenientem‚
503 2016 735 2061 antiquare
751 2025 844 2052 non
860 2014 1077 2057 dubitarit,
1095 2025 1184 2061 qua
1199 2020 1349 2052 tamen
1365 2015 1410 2050 in
1427 2019 1548 2060 parte
1560 2012 1686 2050 illum
1698 2023 1788 2049 non

133 2066 419 2111 audiendum,
436 2065 548 2105 recte
565 2067 777 2105 iudicauit
793 2067 1080 2115 Copernicus.

187 2119 239 2158 Et
255 2122 461 2168 quamuis
477 2122 523 2158 in
539 2120 622 2159 hac
638 2120 728 2168 ipsa
739 2122 862 2159 Anni
875 2120 952 2159 fixi
964 2121 1002 2159 8(
1015 2120 1181 2159 Siderei
1198 2122 1439 2168 quantitate
1457 2119 1661 2167 aliqualis
1678 2121 1789 2156 inter

63 2180 97 2207 ³5
133 2172 336 2212 Artifices
360 2176 602 2222 reperiatur
627 2174 927 2222 discrepantia,
952 2180 1102 2213 tamen
1124 2176 1271 2222 priori,
1299 2185 1399 2221 quae
1423 2174 1476 2211 ab
1498 2171 1789 2220 AEquinociijs

133 2227 340 2275 procedit,
356 2239 449 2265 non
461 2228 516 2265 est
527 2228 859 2276 aequiparanda,
877 2228 996 2276 quod
1006 2228 1077 2266 vel
1090 2228 1462 2267 obseruationum
1473 2228 1591 2270 vitio,
1604 2226 1673 2263 vel
1686 2228 1789 2273 quia

134 2279 386 2319 Parauaxin
402 2280 515 2319 Solis
527 2281 565 2319 &
578 2280 900 2320 Refrac'tionem
917 2282 1098 2329 quidam
1115 2293 1271 2319 eorum
1287 2293 1378 2319 non
1394 2281 1698 2328 praecauerint,
1716 2291 1788 2317 ne-

58 2339 102 2372 39
134 2345 221 2381 que
233 2333 343 2372 forte
355 2336 401 2372 in
413 2334 623 2373 Fixarum
638 2335 745 2373 locis
761 2335 860 2374 satis
875 2335 1102 2383 praecisam
1118 2335 1398 2373 adhibuerint
1415 2330 1788 2382 inquifitio—llnem.

134 2393 210 2426 aut
228 2389 374 2435 potius
394 2399 448 2426 ex
469 2389 675 2427 omnibus
695 2388 764 2427 his
784 2388 910 2427 simul
930 2389 1302 2430 concurrentibus.
1327 2388 1458 2435 idque
1481 2387 1607 2425 facile
1631 2389 1676 2424 in
1699 2393 1788 2423 tam

64 2448 98 2474 ⁴0
133 2439 275 2479 subtili
297 2440 566 2486 tractatione,
589 2443 661 2481 vbi
685 2454 707 2480 e
731 2444 926 2481 minimis
949 2454 1111 2491 magna
1134 2442 1409 2490 colliguntur.
1433 2440 1528 2478 fieri
1549 2442 1699 2487 potuit.
1725 2439 1788 2476 Id-

135 2495 249 2532 circo
269 2496 463 2542 primum
482 2507 713 2543 ponemus,
737 2496 842 2544 quid
863 2503 1031 2534 veteres
1053 2495 1090 2533 8(
1112 2495 1386 2543 Copernicus
1410 2497 1522 2532 circa
1545 2494 1660 2531 hanc
1683 2495 1788 2530 anni

134 2550 352 2586 rationem
370 2548 709 2596 praefiniendam
725 2549 1037 2588 constituerint:
1060 2549 1234 2586 Deinde
1252 2560 1350 2587 eam
1368 2559 1389 2586 e
1407 2547 1558 2585 nostris
1576 2546 1787 2636 Obserga-

242 2610 257 2635 ⁵
1598 2601 1704 2636 tioni
1738 2610 1788 2635 us
