2243 3225
385 206 463 244 268
759 191 1213 236 ASTRONOMIAE
1233 182 1657 228 INSTAURATAE

621 344 918 375 DENOMINATIO
934 341 1171 369 STELLARVM

420 452 549 485 Media
566 448 783 482 earundem

419 507 517 544 Quae
534 503 702 543 sequitur
718 500 769 531 ad
786 501 917 531 ortum

419 559 517 596 Quae
534 556 587 588 est
602 562 725 595 prope
741 551 954 584 secundam
969 549 1166 580 flexuram

421 612 545 643 Borea
560 609 602 651 [Ι
619 606 798 639 secundae
814 604 979 635 flexura:

421 665 545 695 Borea
561 661 692 693 lateris
709 657 901 698 sequentis

421 715 606 748 Australis
622 712 793 745 eiusdem
809 709 941 741 lateris

422 767 626 809 Sequentis
641 764 821 805 trianguli
837 761 1068 803 praecedens

423 823 521 860 Quae
539 820 707 860 requitur
723 818 773 849 ad
790 816 964 848 austrum

424 875 522 913 Quae
540 874 652 913 supra
669 872 771 903 hanc

425 929 467 959 In
482 927 631 966 reliquo
647 923 840 964 triangulo
858 922 1021 961 sequens

424 979 609 1012 Australis
625 977 797 1009 eiusdem

424 1032 652 1065 Praecedens
669 1038 716 1062 ac
733 1028 903 1061 borealis
917 1026 1098 1067 trianguli

425 1087 523 1125 Quae
540 1086 578 1116 in
593 1084 744 1116 flexura
760 1082 853 1114 nodi
868 1080 967 1121 tertij

425 1140 515 1172 Polo
532 1136 690 1170 Zodiaci
706 1136 888 1176 proxima

426 1193 524 1231 Quae
540 1191 593 1222 24.
612 1190 781 1230 sequitur

427 1245 650 1277 Succedens
665 1242 756 1274 huic

427 1300 517 1330 Polo
533 1297 708 1333 vicinior,
726 1294 978 1327 mediocriter
992 1292 1123 1324 lucida

428 1351 656 1383 Praecedens
674 1348 910 1389 antepenult.
929 1347 978 1378 ab
995 1349 1091 1378 extr.
1109 1344 1279 1376 flexione

428 1403 744 1444 Antepenultima
760 1401 957 1433 flexuram
973 1399 1205 1440 praecedens

429 1457 643 1490 Penultima
661 1456 710 1487 ad
726 1455 923 1486 flexuram

430 1512 528 1549 Quae
544 1510 739 1541 flexuram
758 1507 937 1547 requitur.
956 1505 1125 1537 secunda

431 1565 529 1603 Quae
544 1564 739 1594 flexuram
757 1561 937 1602 proxime
955 1559 1125 1599 sequitur

432 1617 645 1649 Penultima
663 1615 802 1647 caudae

431 1671 576 1702 Vltima
594 1669 734 1701 caudae

434 1725 536 1755 Inter
555 1723 604 1754 ll.
623 1723 651 1754 81
669 1721 877 1753 brachium
895 1719 1050 1759 Cephei,
1067 1718 1224 1750 inform.

1436 918 1511 1753 <noaaegmmggamffiaoo

801 1817 1029 1849 CEPHEVS.

436 1884 477 1914 In
494 1883 653 1922 Cingulo

437 1936 584 1968 Lucida
602 1936 638 1966 in
654 1935 822 1966 humero

437 1990 534 2027 Quae
551 1989 588 2019 in
607 1988 750 2019 sinistro
768 1987 936 2018 humero

437 2043 535 2079 Quae
552 2042 588 2072 in
605 2042 704 2072 tiara
722 2040 889 2080 sequitur
906 2040 955 2070 ad
974 2039 1141 2071 Boream

1448 1875 1519 2114 5550<

573 2138 758 2170 BOOTES
780 2137 869 2168 SEV
890 2135 1268 2168 ARCTOPHYLAX.

441 2202 481 2232 In
499 2210 618 2232 manu
637 2201 780 2231 finistra
796 2200 914 2231 trium
931 2199 1162 2239 praecedens

441 2255 621 2285 Secunda

440 2308 567 2338 Tertia

444 2361 484 2391 In
502 2360 633 2391 cubito
653 2359 796 2390 sinistro

444 2414 484 2444 ln
502 2413 669 2444 humero
688 2413 832 2443 sinistro

445 2467 486 2497 ln
503 2466 630 2505 capite

1457 2463 1499 2502 130
1456 2410 1498 2449 llo
1456 2301 1521 2396 1533
1456 2248 1504 2290 ξ
1456 2195 1503 2237 ξ
1518 2150 1519 2170 μ
