2243 3225
448 206 523 243 424
820 198 1274 240 ASTRONOMIAE
1295 196 1718 237 INSTAURATAE

500 310 545 347 Id
566 320 670 346 vero
691 307 807 355 quod
829 307 1018 344 diximus
1035 305 1313 343 Diametrum
1330 304 1553 342 Lunarem
1572 305 1619 341 in
1639 302 1781 341 Solari
1802 302 1844 341 18
1864 304 2090 349 contineri,

447 368 544 410 apte
566 364 695 399 etiam
716 361 921 398 conuenit
940 370 1039 397 cum
1058 358 1243 396 Orbium
1263 369 1429 401 eorum,
1451 368 1562 404 quos
1582 356 1659 394 sua
1678 355 1956 395 reuolutione
1977 358 2091 396 circa

446 416 625 453 Terram
640 413 892 456 describunt,
910 412 1159 454 Diametris,
1175 410 1412 459 praesertim
1424 421 1513 457 quo
1526 410 1581 448 ad
1592 411 1836 448 maximam
1848 410 2091 448 eorundem

445 469 745 505 remotionem.
768 465 811 504 Si
832 467 950 503 enim
970 464 1315 512 assumpserimus
1336 463 1484 502 Solem
1504 462 1651 501 medio
1671 463 1806 501 modo
1822 474 1849 501 a
1863 462 2010 501 Terris
2029 463 2090 502 di-

445 521 549 559 nare
566 519 844 558 semidiamet.
863 518 937 565 (vti
955 520 1044 556 iam
1060 523 1190 555 antea
1206 517 1447 555 indicatum
1466 515 1538 562 est)
1560 516 1658 560 1150,
1681 517 1759 554 erit
1778 518 1976 555 maxima
1996 518 2090 555 eius
2126 529 2142 555 5

445 575 627 611 remotio
645 572 741 615 1190,
764 571 1138 619 quemadmodum
1159 572 1345 608 minima
1361 569 1438 607 1110
1454 569 1556 613 fere,
1577 571 1700 607 iuxta
1720 569 1863 608 nostra
1880 571 1926 607 in
1941 570 2089 618 Appa-

445 628 592 674 rentijs
613 628 706 663 eius
727 624 915 672 quaefita.
938 624 1142 671 Cumque
1159 623 1286 661 Luna
1306 622 1520 670 suprema,
1542 621 1791 670 Copernico
1809 627 2092 661 remoueatur

444 680 587 718 semid.
600 679 747 717 Terrae
764 680 928 716 circiter
940 674 1028 727 1168,
1046 676 1337 715 continebitur
1352 675 1424 714 hic
1440 687 1665 720 numeruS,
1682 687 1818 723 quam
1833 677 2033 724 proxime
2048 676 2091 715 18
2112 682 2175 716 475

445 736 489 771 in
500 735 695 770 maxima
706 734 794 770 iam
806 731 995 769 indicata
1007 730 1204 768 distantia
1216 729 1370 768 Solari.
1388 729 1439 767 Et
1450 729 1480 767 fi
1489 729 1707 767 summam
1719 730 1746 766 a
1756 728 1901 767 Terris
1915 729 2089 778 elonga·

444 788 608 824 tionem
625 788 669 822 in
686 785 824 828 Luna,
846 787 967 822 iuxta
984 783 1208 821 Ptolemaei
1224 782 1514 831 Hypotheses,
1535 784 1581 820 in
1598 781 1825 820 confilium
1841 781 2089 821 adhibueri—
2129 795 2159 822 10

444 850 554 881 mus,
572 850 670 886 quae
686 838 740 875 est
754 837 898 875 semid.
910 836 1058 874 Terrae
1071 836 1191 884 quali
1203 836 1265 880 64,
1283 842 1414 883 atque
1426 835 1657 874 limitando
1668 835 1888 883 Vtriusque
1899 835 2091 875 Artificis

443 892 612 939 placita,
634 891 828 928 medium
849 890 982 928 huius
1002 901 1081 937 pro
1100 891 1270 927 veriore
1286 889 1426 927 Lunae
1443 901 1469 927 a
1485 888 1631 927 Terris
1650 888 1822 927 summa
1841 889 2091 937 digressione

443 947 768 991 arripuerimus,
795 945 873 981 erit
895 945 1042 990 vtique
1068 942 1138 981 hic
1163 954 1376 981 numerus
1401 942 1544 980 decies
1569 940 1702 981 octies
1726 941 1825 980 satis
1847 942 2023 991 praecise
2045 944 2091 981 in

443 996 657 1036 antedicta
673 997 835 1035 Solaris
850 996 1044 1044 Sphaerae
1061 998 1258 1034 maxima
1273 995 1545 1034 sublimitate.
1563 995 1751 1034 Planum
1766 997 1914 1044 itaque
1931 995 2090 1042 euadit,

443 1051 671 1098 Sphaeram
692 1050 804 1088 Solis
826 1052 872 1087 in
891 1050 967 1088 sua
988 1050 1230 1093 Diametro,
1254 1049 1478 1087 Lunarem
1500 1048 1583 1087 hac
1604 1051 1774 1087 ratione
1795 1049 1938 1087 decies
1959 1047 2090 1088 octies
2129 1061 2158 1088 ιε

443 1103 829 1151 comprehendere:
841 1103 1218 1150 quemadmodum
1227 1102 1454 1141 Diameter
1464 1102 1830 1150 corporisSolaris
1836 1102 1977 1141 Lunae
1984 1102 2089 1142 Dia-

442 1162 628 1195 metrum
649 1159 809 1204 pariter
830 1155 1072 1195 octodecies
1093 1158 1297 1194 continet.
1319 1156 1475 1194 Pulcra
1494 1155 1597 1194 sane
1616 1155 1654 1194 &
1673 1157 1891 1194 concinna
1908 1155 2089 1205 symme-

442 1213 534 1253 tria,
551 1222 630 1248 nec
647 1221 673 1248 a
690 1221 915 1257 quoquam
933 1210 1068 1257 (quod
1079 1209 1228 1256 sciam)
1245 1208 1457 1248 hactenus
1469 1208 1750 1248 confiderata.
1767 1209 1819 1247 Et
1830 1208 1860 1247 fi
1871 1211 2024 1248 omnia
2034 1209 2090 1249 ad

442 1262 639 1302 exactam
664 1266 873 1301 trutinam
898 1263 1214 1310 expendantur,
1241 1262 1377 1310 (quod
1403 1263 1703 1301 commodiore
1728 1262 1826 1301 loco
1851 1262 1993 1301 facere
2019 1262 2089 1302 de-

442 1316 676 1362 creuimus)
694 1316 801 1354 forte
815 1316 852 1354 &
864 1316 972 1360 haec,
990 1316 1027 1354 &
1043 1316 1170 1363 plura
1187 1316 1287 1360 alia,
1304 1316 1613 1355 admirandam
1627 1315 1666 1354 &
1679 1315 1897 1354 summam
1909 1315 2090 1364 Opificis
2125 1327 2158 1354 2⁰

441 1370 707 1417 sapientiam,
724 1370 793 1407 vel
810 1372 855 1407 in
871 1369 960 1417 ipsa
971 1371 1254 1417 proportione
1267 1369 1606 1408 Mundanorum
1617 1381 1866 1418 corporum,
1882 1369 2089 1415 testantia,

441 1423 611 1470 plenius
632 1422 960 1470 accuratiusque
981 1422 1200 1471 patefient.
1225 1422 1340 1469 Quae
1363 1422 1434 1461 hic
1456 1423 1611 1461 leuiter
1630 1422 1781 1461 saltem
1801 1422 1840 1461 &
1860 1425 2089 1472 pinguiore

442 1476 650 1514 Minerua
670 1477 840 1524 attigisse
861 1476 1017 1514 lubuit:
1040 1476 1172 1514 Nunc
1191 1476 1464 1524 reliquorum
1481 1478 1677 1524 quinque
1693 1476 1976 1515 Planetarum
1991 1476 2089 1516 Ma-

440 1530 698 1577 gnitudines,
715 1532 809 1577 pari
826 1530 959 1568 modo
976 1532 1306 1577 comparatione
1322 1530 1378 1568 ad
1394 1529 1578 1568 Terram
1594 1527 1720 1575 facta,
1736 1536 2026 1578 pertexemus.

442 1618 520 1656 DE
546 1618 943 1664 RELIQUORUM
965 1618 1236 1665 QVINQVE
1262 1618 1673 1657 PLANETARVM
1694 1618 2088 1666 QUANTITATI-
2123 1629 2156 1656 2⁵

942 1680 1065 1724 BUS‚
1087 1680 1346 1720 AUTORIS
1367 1681 1586 1720 OPINIO.

540 1742 845 1781 MERCVRIO
867 1754 984 1787 vero,
1006 1748 1048 1780 vt
1070 1743 1107 1781 &
1128 1748 1259 1781 antea
1279 1743 1385 1781 dum
1401 1743 1611 1781 Veterum
1628 1743 1887 1782 sententiam
1902 1746 2087 1792 aperire·

556 1807 665 1839 mus,
688 1796 979 1834 exordientes:
1002 1798 1096 1834 eius
1112 1796 1321 1835 vifibilem
1338 1796 1631 1841 Diametrum,
1653 1796 1833 1844 quando
1852 1797 2043 1836 multum
2061 1808 2088 1837 a

441 1847 540 1886 Sole
562 1849 759 1896 digressus
780 1856 972 1897 apparet,
994 1849 1031 1887 &
1052 1850 1313 1888 tantundem
1334 1852 1512 1894 circiter,
1534 1856 1664 1898 atque
1681 1850 1753 1888 ille
1771 1850 1910 1897 (iuxta
1925 1850 2088 1890 nostras

442 1901 732 1949 Hypotheses)
750 1914 775 1940 a
791 1902 935 1941 Terris
952 1909 1217 1947 remouetur,
1235 1903 1468 1951 aliquoties
1484 1909 1648 1942 attenta
1664 1902 1927 1951 inspectione
1939 1905 2086 1953 depre-
2122 1913 2154 1941 3ο

441 1954 573 1993 hendi
586 1956 661 1993 esse
672 1955 734 1993 M.
745 1956 786 1993 22.
800 1968 806 1993 :
821 1956 937 2003 quod
951 1956 988 1994 &
1000 1969 1026 1995 a
1036 1957 1246 1995 Veterum
1257 1959 1543 1995 annotatione
1555 1956 1852 1996 insensibiliter
1863 1957 2085 2006 discrepat:
2121 1959 2141 1990 †

441 2007 469 2044 fi
485 2010 602 2045 enim
620 2020 709 2046 non
726 2009 837 2047 adeo
850 2011 1019 2048 vicinus
1031 2009 1121 2048 Soli
1137 2009 1259 2053 foret,
1276 2016 1319 2048 vt
1336 2022 1362 2048 a
1379 2010 1631 2058 crepusculo
1643 2013 1860 2050 matutino
1872 2010 1911 2049 ἀ
1921 2010 2085 2060 vesper-

440 2063 530 2098 tino
552 2064 645 2099 eius
666 2064 846 2100 intuitus
868 2064 1161 2110 impediretur,
1187 2063 1341 2102 Stellas
1364 2066 1493 2112 primi
1516 2063 1699 2102 honoris
1720 2064 1979 2104 antecellere
1999 2075 2086 2104 cer-

441 2121 624 2152 neretur.
646 2114 849 2163 Cumque
867 2118 980 2154 circa
997 2117 1187 2154 eundem
1204 2117 1389 2164 pofitum
1405 2117 1523 2155 distet
1539 2129 1566 2156 a
1581 2116 1718 2156 Terra
1732 2117 1878 2157 semid.
1896 2117 2086 2157 eiusdem

440 2167 523 2205 1150
535 2170 747 2214 proxime:
761 2180 837 2216 per
848 2169 1128 2208 Geometrica
1138 2173 1367 2209 ratiocinia
1376 2173 1628 2209 inuenietur
1637 2173 1862 2219 proportio
1872 2171 2085 2211 Diametri
2119 2180 2152 2208 ³⁵

441 2222 533 2257 eius
550 2221 603 2258 ad
619 2221 895 2259 Diametrum
908 2223 1068 2265 Terrae,
1086 2224 1228 2271 qualis
1246 2224 1300 2261 est
1316 2224 1339 2262 3
1357 2224 1412 2262 ad
1428 2224 1464 2263 8.
1483 2224 1597 2271 Quae
1614 2236 1715 2262 cum
1731 2224 1881 2264 cubice
1897 2223 2085 2273 expansa

440 2273 744 2321 distributaque
758 2274 896 2318 fuerit,
913 2276 1119 2324 Mercurij
1136 2277 1315 2315 Stellam
1328 2278 1368 2316 19
1381 2277 1530 2315 saltem
1542 2277 1710 2316 vicibus
1720 2277 1857 2317 Terra
1868 2281 2085 2317 minorem

440 2326 515 2362 esse
537 2327 891 2365 manifestabitur:
917 2329 1013 2367 licet
1036 2330 1212 2368 Veteres
1234 2342 1336 2368 eum
1358 2331 1525 2378 aliquot
1549 2331 1739 2369 millenis
1761 2332 1904 2370 modis
1926 2332 1981 2371 ab
2003 2331 2084 2371 hac

440 2378 628 2425 superari
647 2380 912 2419 astruxerint

492 2432 737 2471 VENERIS
753 2434 965 2472 blandum
983 2436 1119 2478 iubar
1137 2448 1217 2474 nos
1234 2439 1347 2475 circa
1361 2438 1553 2476 mediam
1566 2449 1592 2476 a
1604 2437 1749 2477 Terris
1761 2438 2083 2487 elongationem
2117 2445 2150 2474 ιο

438 2496 651 2532 occupare
670 2488 713 2523 in
731 2486 918 2525 Diamet.
939 2489 999 2525 M.
1018 2489 1058 2527 3.
1080 2497 1121 2526 vt
1139 2490 1379 2536 plurimum
1397 2491 1717 2539 conspeximus:
1740 2492 1859 2540 quod
1880 2490 2082 2531 nonnihil

1783 2546 2080 2594 Antiquorum
