2164 3246
437 205 1097 245 PROGYMNASMATUM
1119 207 1322 244 PRIMA
1344 207 1494 245 PARS
1728 206 1795 244 173

145 313 238 352 Asc.
249 311 318 361 [Α.
329 311 371 361 ΙΙ.
380 313 416 357 8,
429 323 530 360 quae
542 311 690 350 addita
697 311 949 351 Ascenfioni
962 312 1290 351 ReclaeVeneris
1539 314 1592 364 Α

146 379 172 406 3
183 366 283 405 Sole
296 366 494 414 superius
508 367 715 409 inuentae,
733 366 994 404 constituunt
1006 366 1100 404 Asc.
1115 365 1290 404 Rectam

151 424 194 465 Ω,
210 420 253 458 Ρ.
270 420 333 458 37.
353 418 378 467 Ι.
395 419 431 458 8.
450 417 493 467 ll.
511 418 574 462 52,
591 418 694 456 huic
710 422 897 467 tempori
915 426 1247 467 competentem.

199 473 331 520 Quod
341 472 370 510 fi
379 472 434 511 ad
445 472 560 510 hanc
569 472 754 510 Veneris
763 473 1073 511 Ascenfionem
1085 473 1290 511 adieceri-

95 541 110 566 5
146 538 244 566 mus
260 525 553 565 differentiam
565 525 734 563 Ascens.
749 528 843 564 eius
855 526 910 564 ab
922 526 1147 564 Aldebora
1161 532 1291 564 antea

146 583 387 624 inuentam,
404 579 579 617 resultat
590 578 793 618 Ascenfio
811 579 940 618 Redla
953 579 1078 618 Ocul.
1097 582 1154 623 {3³,
1172 580 1214 617 Ρ.
1228 580 1290 617 62.

148 632 173 683 l.
190 633 253 672 56.
271 631 315 681 ll.
333 633 396 671 36.
417 633 488 671 Ab
504 632 588 671 hac
604 632 750 671 rursus
770 633 938 672 sublata
953 632 1200 671 differentia
1216 633 1291 670 As-

147 686 358 726 cenfionis
376 686 506 725 Oculi
526 688 568 730 8
588 685 644 724 ad
662 686 874 725 Lucidam
893 693 953 731 V,
976 698 1077 734 quae
1097 686 1152 724 est
1168 686 1210 724 Ρ.
1229 687 1291 724 37.

149 739 175 789 Ι.
191 740 228 780 3.
247 738 290 788 ΙΙ.
308 741 366 784 15;
388 739 645 778 Remanebit
661 739 864 778 Ascenfio
886 739 1017 778 Recta
1033 740 1210 778 Lucidae
1232 746 1292 783 V,
1744 763 1784 807 E

82 806 112 832 10
147 795 190 833 Ρ.
211 794 274 833 25.
299 792 325 842 Ι.
345 793 409 832 53.
435 791 478 841 ll.
502 793 556 831 21.
584 792 698 840 Quae
724 799 767 831 vt
792 794 928 831 Anno
955 793 1049 832 1585
1075 793 1293 840 completo

148 847 492 895 correspondeat,
521 846 725 885 addenda
752 847 848 885 sunt
873 846 898 895 l.
920 847 956 885 3.
980 845 1023 895 ll.
1046 847 1104 885 12:
1135 847 1292 894 Sicque
1332 837 1371 875 C

149 901 295 940 euadit
310 900 386 938 illo
402 901 551 944 Anno,
568 899 771 938 Ascenfio
788 899 919 939 Red'ta
934 900 1052 938 illius
1069 900 1214 939 Stellae
1232 906 1293 943 V,

148 955 191 994 P.
203 954 266 993 25.
285 952 311 1003 Ι.
323 954 387 993 56.
406 952 449 1002 ll.
462 953 513 992 33
530 953 721 1001 quaefita‚
739 966 840 1002 quae
856 960 1006 993 tamen
1020 966 1097 1002 per
1111 954 1295 992 alteram

148 1008 399 1056 sequentem
415 1007 845 1046 animaduersionem
861 1008 1092 1046 limitanda
1107 1010 1237 1045 venit.
1318 989 1356 1025 D
1762 983 1801 1031 E

85 1073 115 1099 ι5
202 1062 337 1100 Anno
357 1061 465 1105 1585,
491 1061 576 1098 Die
598 1061 640 1099 14
658 1061 936 1109 Septembris,
957 1062 1010 1099 A.
1029 1062 1092 1099 M.
1115 1061 1226 1099 Hor.
1244 1061 1279 1099 6.
1303 1061 1365 1098 M.
1383 1060 1446 1103 40,
1469 1059 1721 1107 capiebatur
1742 1059 1801 1096 di-

151 1115 302 1154 stantia
321 1114 584 1162 AEquatoria
609 1117 721 1153 inter
741 1115 890 1153 Solem
911 1114 949 1153 &
969 1115 1201 1159 Venerem,
1228 1115 1270 1152 Ρ.
1292 1114 1354 1152 43.
1379 1112 1403 1161 l.
1426 1113 1477 1151 48
1497 1125 1573 1160 per
1593 1112 1803 1150 Armillas

153 1169 390 1208 Maximas.
405 1168 559 1206 Itidem
571 1170 617 1206 in
626 1168 807 1207 Altitud.
824 1171 867 1213 Θ
882 1169 925 1208 5}
940 1174 1048 1216 part.
1061 1168 1259 1206 Altitudo
1275 1171 1301 1211 Q
1316 1167 1367 1206 38
1379 1173 1485 1214 part.
1499 1167 1569 1204 Ad
1582 1166 1665 1204 hoc
1677 1165 1803 1203 Tem-

153 1233 235 1271 pus
250 1233 273 1260 e
289 1223 476 1270 proprijs
497 1221 758 1260 Canonibus
778 1224 988 1260 inuentus
1010 1222 1064 1260 est
1085 1222 1207 1260 locus
1227 1221 1351 1265 Solis,
1373 1221 1415 1258 Ρ.
1433 1221 1469 1258 Ο.
1494 1219 1518 1267 l.
1536 1221 1589 1258 51.
1614 1218 1656 1267 ll.
1674 1219 1724 1257 23
1746 1223 1803 1261 ξς.

73 1281 132 1314 169
154 1275 354 1314 Arcenfio
371 1274 501 1314 Rec'ta
519 1278 562 1320 Ω,
575 1271 590 1325 ΙΙ
601 1281 708 1323 part.
726 1276 807 1314 180.
825 1274 851 1324 l.
864 1276 926 1314 47.
946 1274 989 1323 ll.
1002 1277 1039 1320 7,
1057 1288 1083 1314 a
1099 1287 1188 1323 qua
1204 1273 1411 1313 subduc‘ta
1427 1274 1625 1312 distantia
1641 1272 1805 1320 AEqua-

87 1340 120 1367 2⁰
154 1331 265 1368 toria
279 1331 392 1431 i17ter
410 1328 513 1430 QZ&
534 1332 561 1372 Q
581 1340 659 1376 per
675 1329 1014 1368 Instrumentum
1031 1335 1214 1377 reperta,
1232 1330 1411 1376 emergit
1427 1327 1595 1365 Arcens.
1615 1325 1744 1364 Rec'ta
1763 1329 1805 1369 Q.

208 1436 292 1475 Sed
311 1441 443 1474 antea
463 1435 610 1483 eoipso
626 1436 724 1481 Die,
746 1436 857 1474 Hor.
875 1437 911 1475 5.
929 1436 992 1474 M.
1010 1437 1061 1474 24
1076 1436 1166 1484 post
1182 1436 1374 1473 mediam
1391 1433 1577 1472 Noctem
1593 1433 1807 1471 beneficio

157 1489 397 1528 earundem
412 1489 716 1534 Armillarum,
738 1489 1024 1538 depraehensa
1045 1490 1100 1528 est
1121 1489 1367 1528 differentia
1382 1487 1700 1526 Ascenfionalis
1722 1490 1747 1529 Q
1770 1486 1808 1523 &

158 1543 286 1582 Oculi
305 1545 364 1588 ὅ,
380 1543 424 1581 Ρ.
437 1543 500 1582 73.
514 1541 638 1591 1483.
656 1543 933 1581 InterRitium
949 1555 1054 1581 vero
1070 1543 1313 1590 Temporis,
1332 1554 1420 1589 quo
1437 1541 1532 1579 haec
1551 1540 1808 1579 Obseruatio

90 1607 123 1634 2⁵
158 1596 340 1636 alteram
360 1608 387 1635 a
407 1596 508 1635 Sole
528 1598 744 1645 praecessit,
767 1597 822 1635 est
840 1597 951 1635 Hor.
970 1598 996 1635 1.
1019 1597 1082 1635 M.
1101 1597 1158 1635 16:
1181 1599 1250 1634 cui
1271 1596 1323 1634 de
1346 1595 1470 1633 cursu
1495 1597 1537 1639 (D
1563 1595 1722 1632 diurno
1744 1605 1808 1631 ra-

157 1652 275 1688 tione
285 1649 540 1698 AEquatoris
553 1648 579 1698 l.
591 1651 678 1694 533,
695 1657 942 1699 congruunt
955 1649 980 1699 l.
994 1651 1029 1688 2.
1045 1649 1087 1698 ll.
1100 1651 1163 1694 54,
1182 1662 1282 1697 quae
1299 1649 1465 1687 sublata
1481 1649 1535 1686 ab
1548 1647 1809 1685 Ascenfione

160 1701 288 1742 Re&a
301 1707 328 1747 Ω
342 1703 1065 1752 perSolemindagata,relinquunt
1075 1703 1444 1750 huiusTemporis
1452 1701 1620 1740 Arcens.
1639 1704 1663 1743 Ξ)
1679 1702 1720 1739 Ρ.
1730 1700 1808 1738 136.

162 1755 187 1805 Ι.
202 1756 265 1796 56.
283 1755 327 1806 ΙΙ.
344 1757 398 1795 13.
419 1757 659 1796 Auferatur
679 1757 783 1796 hinc
804 1758 949 1796 rursus
970 1758 1198 1796 discrimen
1215 1756 1520 1794 Ascenfionale
1542 1757 1652 1793 inter
1668 1755 1808 1792 Vene-

160 1822 252 1849 rem
261 1809 299 1849 &
309 1810 501 1849 Oculum
515 1813 573 1856 8,
585 1813 904 1859 prouenietque
915 1811 1117 1849 Ascenfio
1128 1810 1257 1849 Recta
1267 1810 1396 1848 Oculi
1411 1813 1451 1854 ὅ
1466 1816 1572 1856 part.
1584 1809 1646 1847 63.
1657 1810 1761 1846 min.
1772 1809 1808 1846 7.

93 1874 125 1900 ³0
162 1861 204 1912 ΙΙ.
216 1863 279 1909 43,
295 1875 322 1902 a
337 1876 426 1912 qua
436 1863 645 1903 subducta
656 1864 903 1903 differentia
914 1864 1210 1903 Ascenfionali
1228 1864 1372 1907 huius,
1388 1863 1426 1901 &
1441 1863 1617 1900 Lucidae
1632 1868 1691 1903 V.
1708 1874 1808 1899 eua-

159 1917 219 1956 dit
233 1917 435 1956 Ascenfio
451 1917 582 1957 Recta
598 1918 776 1957 Lucidae
795 1925 855 1962 V,
873 1924 980 1966 part.
994 1918 1056 1956 26.
1072 1921 1226 1955 minut.
1239 1918 1274 1955 4.
1291 1916 1332 1964 ll.
1346 1917 1408 1955 28.
1427 1917 1644 1954 Addendo
1662 1922 1810 1953 autem

158 1981 238 2018 pro
248 1970 473 2010 Menfibus
489 1971 548 2016 315,
565 1972 620 2010 ad
637 1971 773 2010 finem
782 1973 904 2009 Anni
917 1971 1095 2009 residuis
1109 1970 1151 2018 ll.
1166 1972 1218 2015 15,
1233 1973 1310 2008 erit
1323 1970 1454 2008 huius
1467 1969 1668 2007 Ascenfio
1682 1967 1811 2006 Recta

160 2024 293 2063 Anno
308 2025 403 2064 1585
419 2025 650 2073 completo,
667 2031 775 2073 part.
792 2025 855 2063 26.
873 2027 978 2062 min.
991 2026 1026 2062 4.
1044 2023 1087 2072 ll.
1100 2025 1162 2062 43.
1181 2025 1238 2062 At
1250 2025 1385 2061 Anno
1402 2024 1509 2066 1582,
1527 2023 1610 2060 Die
1623 2024 1646 2061 5
1661 2023 1808 2070 Martij

162 2079 292 2116 etiam
307 2078 363 2117 ad
378 2081 643 2126 principium
659 2080 781 2116 Anni
798 2079 892 2117 1585
913 2079 1136 2120 translata.
1158 2077 1238 2115 fuit
1260 2080 1441 2115 inuenta
1461 2079 1554 2114 eius
1571 2076 1664 2114 Asc.
1684 2075 1812 2114 Rec’ta

96 2140 129 2166 3⁵
163 2130 205 2168 P.
217 2130 279 2170 25.
298 2129 323 2179 l.
339 2132 403 2170 56.
422 2130 465 2180 ll.
482 2132 546 2176 33,
563 2144 663 2180 quae
681 2132 915 2170 collatione
932 2131 1043 2170 fad‘ta
1060 2131 1203 2169 deficit
1220 2143 1246 2169 3
1262 2131 1395 2169 modo
1412 2133 1594 2168 inuenta
1613 2129 1637 2177 l.
1655 2130 1690 2168 8.
1711 2128 1740 2176 ll
1758 2130 1811 2170 10.

163 2184 280 2231 quod
295 2185 522 2224 discrimen
538 2185 790 2224 Parallaxes
807 2185 845 2223 &
862 2184 1158 2223 Refracfliones
1175 2197 1266 2223 non
1283 2184 1490 2222 adhibitae
1510 2183 1811 2221 causabantur.

163 2235 408 2277 Dimidium
423 2241 517 2277 eius
535 2238 560 2287 l.
578 2240 613 2277 4.
633 2238 676 2287 ll.
694 2240 730 2283 5,
748 2239 866 2286 quod
884 2239 1081 2277 additum
1098 2240 1258 2276 minori
1276 2238 1444 2275 Ascens.
1464 2236 1617 2280 Rec'tae,
1635 2237 1704 2274 vel
1720 2236 1812 2274 sub-

163 2289 300 2329 latum
315 2303 342 2330 a
357 2294 525 2331 maiore
542 2293 680 2330 reddit
695 2292 865 2330 Ascens.
885 2291 1061 2330 Rectam
1078 2292 1255 2330 Lucidae
1275 2298 1320 2331 V
1339 2291 1608 2329 verificatam
1625 2296 1731 2338 part.
1749 2290 1811 2327 26.

166 2341 191 2391 Ι.
207 2344 243 2382 0.
261 2342 304 2393 ΙΙ.
321 2345 384 2390 38,
401 2357 537 2394 quam
553 2346 810 2394 inuestigare
827 2348 1004 2384 animus
1021 2351 1124 2384 erat.

1743 2555 1811 2591 ΙΙΙ.
