2164 3246
58 835 88 862 10

59 1103 89 1128 15

418 234 1078 275 PROGYMNASMATUM
1100 237 1304 274 PRIMA
1328 238 1478 276 PARS

232 341 322 390 Oui
337 342 473 387 volet,
491 343 631 390 atque
647 341 820 380 animis
836 342 1044 381 animum
1056 341 1238 391 sociare
1249 342 1502 392 supernis?

228 394 406 444 Ecquis
428 394 691 433 Terricolas
705 394 839 441 inter,
858 406 975 445 quos
992 396 1200 435 continet
1215 397 1351 442 orbis,

230 449 510 487 Innumeros
526 447 720 493 dabitur,
739 448 816 487 cui
830 451 925 487 tam
936 447 1153 497 sublimia
1171 449 1332 488 cordi?

229 501 406 551 Ecquis
423 499 730 541 &Audtorem
748 501 924 547 Mundi,
937 513 1028 551 per
1042 503 1227 541 condita
1246 501 1368 551 vasto

236 556 317 594 Tot
330 554 544 593 miranda
560 555 672 593 Polo
682 553 913 604 spedtacla
931 555 1186 606 agnoscere
1199 555 1364 606 gestit?

231 608 374 648 Sicne
389 619 556 647 omnes
566 607 752 657 pariter
767 610 895 647 tanta
913 610 973 647 ad
987 608 1172 658 quaefita
1184 608 1359 658 siletis?

232 661 353 710 Ouid
364 659 559 709 mustare
574 660 737 700 iuuat?
752 662 929 701 Manus
945 661 1007 710 est
1020 663 1281 702 adhibenda
1297 663 1464 702 labori:

237 716 295 754 Vt
309 716 497 754 tandem
514 713 697 763 abstrusi
704 717 903 764 pateant
917 714 1132 765 mysteria
1153 716 1277 755 Coeli.

232 768 286 808 Si
300 779 418 818 quos
433 767 635 814 ambitio,
651 769 848 814 lucrum,
865 768 1145 818 ignorantia,
1163 771 1314 815 luxus,

236 823 345 861 Tam
363 820 493 870 celsis
508 822 758 861 retrabunt
772 820 904 870 ausis,
923 822 968 861 ἂ
981 824 1041 860 ad
1054 822 1215 861 infima
1233 824 1440 861 trudunt:

232 875 410 915 Saltem
427 874 535 925 alijs
545 878 750 925 parcant
764 886 852 914 nec
869 877 1110 914 commoda
1122 875 1305 924 summa
1321 877 1572 915 retardent.

230 927 330 979 Ipse
345 939 446 980 ego,
459 927 496 977 fi
508 928 641 968 facili
654 927 862 978 aspirent
874 928 991 967 mihi
1005 930 1209 968 Numina
1228 931 1369 975 Vultu,

229 983 292 1022 Et
299 980 527 1032 superare
542 983 638 1021 alto
654 982 868 1022 dederint
883 980 1110 1030 obstacula
1129 983 1322 1032 quaeuis,

233 1034 556 1085 Constantique
571 1035 740 1081 animo,
761 1037 889 1075 velut
903 1034 1146 1075 haetenus:
1164 1036 1379 1075 omnibus
1396 1037 1517 1075 Vltro

230 1089 438 1129 Annitar
449 1088 625 1135 neruis,
642 1089 808 1140 magni
817 1089 1081 1139 penetralia
1101 1089 1216 1129 Coeli

230 1143 444 1183 Pandere
466 1142 747 1193 Terrigenis,
766 1140 993 1192 tediosque
1010 1143 1195 1192 aperire
1210 1141 1420 1191 recessus.

237 1197 299 1236 Tu
315 1197 452 1236 modo
466 1195 655 1235 mirifici
662 1195 855 1246 sapiens
871 1195 1093 1235 fundator
1109 1196 1296 1247 Olympi

231 1249 414 1296 Annue,
433 1250 480 1289 ds
492 1249 629 1289 adfer
643 1261 776 1299 opem
795 1252 873 1289 tua
890 1248 1010 1289 faeta
1021 1248 1243 1299 stupenda
1260 1249 1451 1288 notanti.
1469 1247 1483 1300 ΙΙ

1699 239 1775 277 303

1636 2579 1776 2617 PARS
