2164 3246
494 198 1155 239 PROGYMNASMATUM
1178 197 1382 236 PRIMA
1404 197 1558 236 PARS
1780 198 1857 236 203

763 306 834 344 VI.
864 306 1130 355 Triangulus
1149 305 1294 343 EAD,

266 370 400 408 Latus
416 369 498 407 EA
528 374 635 416 part.
648 369 711 407 67.
726 367 751 416 l.
773 369 836 409 21}
868 368 1114 416 Complem.
1132 368 1454 406 Declinationis
1471 367 1616 406 Calcis
1633 367 1755 415 pedis
1776 370 1829 410 Π.

266 423 400 461 Latus
415 422 506 460 AD
527 427 635 470 part.
648 422 711 460 68.
726 420 751 469 Ι.
773 421 833 461 31³2
868 422 1258 469 Complementum
1270 421 1591 459 Declinationis
1603 421 1781 459 Lucidae
1796 427 1856 461 V.

266 476 400 514 Latus
416 475 500 513 DE
527 481 634 523 part.
648 475 710 513 58.
726 473 750 522 l.
764 475 815 512 22
867 475 1082 513 Distantia
1098 475 1326 513 obseruata
1344 474 1489 513 Calcis
1512 477 1546 517 Π
1568 486 1595 512 a
1611 474 1777 513 Lucida
1795 480 1855 514 V.

145 544 161 568 5
199 529 402 578 Angulus
419 528 563 573 EAD,
593 528 636 566 Ρ.
649 528 712 567 63.
727 526 752 576 Ι.
765 528 838 568 28ὲ
868 528 1130 567 Differentia
1141 528 1460 566 Ascenfionalis
1473 528 1618 566 Calcis
1635 528 1757 575 pedis
1777 530 1811 571 ][
1831 539 1858 566 a

867 582 1033 620 Lucida
1051 588 1111 622 V.

252 663 434 711 Iamque
455 661 536 700 has
557 673 712 700 omnes
733 661 1002 700 differentias
1018 662 1347 700 Ascenfionales
1369 661 1690 709 componendo,
1714 673 1772 700 an
1793 663 1856 699 in-

198 721 368 765 tegrum
384 715 614 755 Circulum
629 715 870 763 suppleant,
886 716 1166 754 tentabimus.
1184 712 1198 765 ΙΙ

109 848 174 880 200
239 840 575 880 COLLECTIO
597 839 1107 879 PRAESCRIPTORUM
1129 840 1527 879 ANGULORUM
1550 840 1613 878 IN
1635 840 1817 878 VNAM

130 916 161 942 ιο
881 902 1175 941 SUMMAM.
1525 928 1544 953 p

379 974 610 1014 Lucidav
976 974 1169 1012 Primam
1185 974 1284 1012 Alae
1301 973 1446 1022 Pegafi
1511 948 1561 1011 44
1618 946 1669 1012 38
1751 948 1776 1065 g

379 1028 525 1066 Prima
540 1027 639 1065 Alae
658 1027 804 1075 Pegafi
976 1027 1173 1065 Vulturis
1190 1028 1403 1066 Lucidam
1511 1027 1562 1066 48
1618 1027 1668 1066 25

379 1081 546 1120 Lucida
561 1081 758 1119 Vulturis
976 1081 1152 1128 Spicam
1169 1087 1218 1129 m>
1510 1081 1562 1119 96
1618 1081 1668 1119 45
1752 1081 1776 1119 9

379 1134 508 1183 Spica
523 1135 714 1183 Virginis
977 1134 1067 1173 Cor
1088 1136 1127 1179 Ω
1511 1135 1562 1173 49
1628 1135 1668 1172 19
1726 1134 1777 1172 20

129 1202 160 1228 15
379 1188 525 1227 Corde
542 1188 703 1226 Leonis
829 1134 836 1286 Ι
977 1188 1159 1226 Calcem
1174 1188 1297 1235 pedis
1317 1190 1351 1231 Π
1511 1189 1561 1226 57
1645 1188 1669 1225 4
1735 1188 1776 1225 10

379 1241 513 1281 Calce
529 1242 651 1290 pedis
671 1244 706 1285 Π
977 1242 1189 1280 Lucidam
1208 1248 1254 1281 V
1511 1241 1561 1279 63
1618 1241 1669 1280 28
1725 1241 1777 1279 30

793 1313 1089 1361 Aggregatum
1105 1295 1561 1351 differentisssruffihsso
1644 1296 1679 1351 0⁷
1751 1313 1775 1351 9

251 1411 402 1459 Quare
423 1423 524 1450 cum
544 1411 716 1449 summa
736 1413 939 1449 omnium
959 1411 1037 1449 360
1053 1417 1160 1458 part.
1178 1411 1276 1449 satis
1292 1411 1467 1458 praecise
1484 1411 1711 1449 constituat
1733 1411 1856 1457 (nam

198 1465 317 1513 quod
326 1465 350 1504 9
359 1465 562 1514 scrupula
572 1464 762 1503 secunda
771 1465 1009 1509 abundent,
1021 1465 1195 1512 prorsus
1207 1464 1533 1512 inperceptibile
1543 1464 1615 1511 est)
1629 1465 1856 1503 euidenter

125 1532 160 1558 20
197 1530 251 1557 ex
266 1518 336 1557 his
351 1520 640 1563 conuincitur,
662 1518 760 1556 loca
776 1517 1012 1557 Stellarum
1028 1530 1055 1556 a
1071 1519 1197 1556 nobis
1214 1521 1292 1556 rite
1314 1519 1390 1556 esse
1412 1518 1644 1562 distributa,
1666 1518 1854 1566 satisque

197 1571 346 1611 exacte
367 1571 560 1621 respedtu
575 1572 830 1619 AEquatoris
847 1571 1082 1620 designata:
1105 1572 1268 1620 Medijs
1290 1574 1422 1609 etiam
1443 1571 1540 1619 ipsis
1558 1572 1853 1620 Organorum,

198 1626 358 1674 quibus
375 1625 714 1665 Obseruationes
731 1625 946 1673 requifitae
963 1625 1261 1673 capiebantur,
1280 1627 1401 1663 omni
1418 1627 1524 1663 vitio
1541 1625 1800 1663 carentibus.

251 1679 384 1718 Nunc
406 1682 532 1718 tertio
556 1681 857 1727 experimento
882 1691 960 1726 per
985 1678 1165 1718 octonas
1189 1679 1344 1717 Stellas
1369 1678 1555 1726 idipsum
1578 1679 1757 1717 vlterius
1783 1679 1853 1717 de-

196 1733 448 1778 monstrare,
464 1739 508 1771 vt
523 1745 592 1771 res
608 1732 704 1771 haec
721 1732 967 1771 euidentior
983 1732 1070 1777 fiat,
1087 1732 1429 1781 progrediemur.

125 1871 159 1897 25
990 1857 1061 1895 III.

196 1920 275 1959 EX
296 1920 459 1960 OCTO
481 1919 840 1959 STELLARUM
862 1919 1265 1965 DIFFERENTIJS
1283 1919 1853 1963 ASCENSIONALIBUS,

270 1982 423 2022 COELI
443 1982 873 2029 AEQUATORIAM
895 1982 1321 2020 PERIPHAERIAM
1343 1982 1447 2020 PER
1470 1982 1778 2019 DIFFEREN—

305 2045 438 2084 TIAS
458 2044 949 2084 ASCENSIONALES
971 2044 1469 2089 INTERCIPIENTES,
1492 2044 1741 2083 IDIPSUM

658 2106 944 2145 VLTERIUS
966 2106 1388 2145 CONCLUDERE.

123 2192 158 2218 30
293 2178 733 2218 ONSIDERANDO
746 2190 864 2216 nunc
878 2176 1072 2217 Odtonas
1084 2178 1239 2216 Stellas
1252 2180 1297 2216 in
1309 2176 1478 2216 adiedta
1491 2177 1696 2225 sequente
1709 2180 1852 2225 proxi-

304 2244 379 2270 ma
395 2232 688 2280 Figuratione,
706 2243 806 2279 quae
823 2243 899 2279 per
915 2231 1061 2270 literas
1078 2233 1303 2280 assignatas
1319 2231 1632 2279 intelliguntur,
1650 2243 1738 2270 vna
1752 2243 1852 2269 cum

195 2286 513 2325 Obseruatione
539 2285 839 2324 distantiarum
867 2291 998 2333 atque
1024 2285 1399 2327 Declinationum,
1430 2292 1560 2333 prout
1590 2287 1635 2322 in
1664 2284 1853 2323 subiecta

193 2339 376 2378 Tabella
392 2345 586 2387 apparet.

105 2400 165 2432 201
248 2393 367 2431 Hinc
380 2391 476 2431 octo
488 2392 728 2440 Trianguli,
746 2404 938 2440 quorum
954 2392 1107 2441 singuli
1124 2398 1229 2431 nota
1246 2392 1409 2431 habent
1424 2394 1576 2430 omnia
1587 2394 1668 2430 tria
1682 2392 1850 2434 Latera,

122 2459 156 2485 35
194 2446 423 2495 Angulum
435 2445 743 2484 Differentiam
755 2445 1111 2484 Ascenfionalem
1126 2448 1171 2484 in
1183 2446 1426 2493 AEquatore
1443 2448 1708 2487 metientem.
1726 2445 1851 2483 facile

194 2499 475 2543 exhibebunt,
492 2505 535 2537 vt
551 2511 669 2537 nunc
686 2499 839 2537 ordine
855 2500 1029 2547 patebit.

301 2561 351 2587 26·
1638 2551 1850 2589 Distantia
