2248 3298
116 573 132 598 υ·

102 840 132 866 10

104 1107 134 1132 15

98 1533 140 1566 26

104 2177 137 2203 35

105 2443 140 2470 40

461 240 1122 281 PROGYMNASMATUM
1144 243 1348 281 PRIMA
1370 243 1521 282 PARS
1769 244 1818 283 23

168 350 223 388 ad
245 348 387 387 finum
408 354 561 392 totum,
585 359 722 395 quare
746 349 893 386 euadit
913 349 998 393 PE,
1022 349 1210 393 9721068,
1233 350 1432 396 qualium
1454 350 1524 387 PR
1547 350 1601 388 est
1622 350 1818 394 6873833,

168 404 368 442 dematur
379 413 498 440 nunc
509 401 594 445 PE,
612 413 639 439 a
654 401 734 448 PQ
745 403 866 449 prius
879 404 1062 450 cognita,
1076 402 1113 440 8(
1126 403 1367 441 remanebit
1380 403 1461 449 QE
1474 404 1677 447 10273716,
1695 404 1818 442 dimi—

168 457 309 495 dietur
319 467 424 494 vero
441 454 531 503 ipsa
543 454 621 501 QP
633 454 671 492 8(
682 455 844 502 patebit
857 455 941 501 QV
954 455 1150 499 9997392,
1168 456 1281 493 vnde
1299 459 1431 494 etiam
1448 457 1525 494 EV
1542 469 1633 494 non
1649 459 1819 505 ignora—

167 511 282 549 bitur
304 508 472 547 sublato
495 508 695 546 videlicet
719 507 816 554 QV‚
841 519 868 546 a
891 508 972 554 QE
998 508 1166 547 276324.
1195 508 1583 556 Complementum
1608 517 1820 557 praeterea

168 564 310 601 Arcus
322 561 450 609 QOP
461 561 517 600 ad
529 561 555 600 S
560 561 876 605 emicirculum‚
894 561 949 599 est
961 562 1003 599 P.
1016 562 1052 599 2.
1068 560 1079 609 l
1086 593 1092 599 .
1106 562 1168 600 36.
1184 561 1195 609 l
1202 561 1213 609 l
1220 593 1226 599 .
1240 563 1302 605 59,
1321 565 1444 600 cuius
1456 563 1572 601 finus
1585 564 1639 601 est
1651 564 1819 607 456488,

168 616 301 655 huius
321 627 426 654 vero
447 615 679 653 dimidium
699 615 940 662 aequiualet
958 615 1038 653 ZV
1054 615 1223 658 228244‚
1247 627 1347 663 ergo
1369 618 1413 653 in
1430 616 1669 664 Triangulo
1686 617 1819 660 ZEV,

168 681 192 708 e
207 669 318 708 datis
333 669 506 708 duobus
522 668 730 706 lateribus
747 670 860 706 circa
877 667 1042 707 rectum
1058 668 1257 706 videlicet
1272 669 1362 713 ZV,
1381 670 1498 716 quod
1515 670 1647 707 modo
1665 673 1819 717 patuit:

169 723 207 762 &
223 722 302 761 EV
317 728 449 761 antea
464 724 621 770 reperti
637 721 808 766 276324,
829 724 1034 770 prouenit
1052 733 1128 769 per
1145 722 1381 769 planorum
1397 722 1739 771 Triangulorum
1755 736 1820 761 ra-

167 779 308 815 tiones
324 787 537 814 numerus
553 775 750 819 8260374,
768 777 844 823 qui
858 787 881 813 e
896 787 1067 813 canone
1079 774 1283 813 faecundo
1296 775 1583 814 subministrat
1594 777 1821 824 Angulum

168 829 302 875 ZEV,
323 835 430 878 part.
446 829 510 868 39.
529 827 555 877 l.
572 829 635 867 33.
658 828 723 866 Est
744 835 893 867 autem
913 828 983 866 hic
1004 828 1208 876 Angulus
1228 828 1362 873 ZEV,
1384 830 1501 866 idem
1522 841 1622 867 cum
1643 830 1820 878 Angulo

169 883 318 930 HEQ,
340 885 416 931 qui
435 885 611 921 metitur
632 882 877 920 distantiam
898 882 1011 921 Solis
1032 882 1086 920 ab
1108 883 1319 930 Apogaeo‚
1344 883 1523 929 quando
1544 884 1821 921 medietatem

169 937 289 986 Signi
309 938 348 982 Ω
371 935 608 984 pertranfit.
630 935 674 974 Si
695 938 823 984 igitur
844 938 879 974 is
896 935 1099 984 Angulus
1120 935 1366 973 antrorsum
1385 948 1411 973 a
1430 937 1470 974 15
1495 938 1531 981 Ω
1554 943 1820 979 numeretur.

169 990 318 1029 recidit
342 991 593 1038 Apogaeum
618 989 730 1028 Solis
755 991 802 1027 in
826 989 869 1027 P.
890 990 927 1028 5.
951 988 976 1037 l.
999 989 1049 1027 27
1075 989 1195 1036 Signi
1221 995 1277 1029 63:
1305 989 1478 1027 Deinde
1502 992 1607 1037 quia
1630 990 1821 1028 constare

170 1046 302 1082 etiam
317 1043 450 1092 potest
466 1055 520 1081 ex
535 1044 587 1091 ijs
603 1042 702 1091 ipfis
716 1043 826 1081 datis
841 1045 1017 1081 tertium
1034 1042 1226 1081 eiusdem
1237 1042 1463 1090 Trianguli
1475 1043 1587 1081 ZVE
1602 1043 1715 1081 latus
1732 1044 1765 1081 Z
1775 1044 1820 1087 E,

171 1099 249 1136 erit
268 1097 377 1135 illud
397 1096 567 1141 358388,
589 1096 790 1144 qualium
810 1097 890 1134 ZV
910 1096 1069 1135 228244
1089 1096 1159 1134 vel
1180 1096 1259 1134 EV
1280 1096 1449 1134 276324.
1474 1097 1652 1134 Habent
1673 1103 1820 1135 autem

170 1150 266 1190 haec
282 1151 371 1189 duo
387 1152 765 1198 comparationem
781 1150 836 1188 ad
853 1152 1071 1198 integrum
1084 1149 1237 1193 finum,
1255 1152 1329 1197 qui
1342 1150 1645 1197 correspondet
1657 1150 1821 1188 Circuli

171 1204 518 1248 semidiametro,
531 1215 633 1252 ergo
645 1204 847 1252 qualium
856 1204 940 1242 ZH
951 1203 1283 1242 Semidiameter
1293 1203 1529 1241 Eccentrici
1542 1204 1596 1241 est
1608 1204 1820 1248 10000000,

170 1258 325 1297 talium
341 1259 420 1296 erit
431 1257 508 1296 ZE
520 1257 826 1296 Eccentricitas
839 1257 953 1296 Solis
969 1257 1127 1296 358388
1143 1256 1230 1294 fiue
1249 1257 1384 1304 (quod
1400 1258 1517 1295 idem
1534 1257 1604 1303 est)
1623 1257 1822 1304 qualium

171 1311 504 1351 Semidiameter
527 1311 764 1349 Eccentrici
787 1311 1009 1349 assumitur
1031 1311 1074 1348 P.
1092 1310 1154 1349 60.
1179 1309 1203 1357 l.
1225 1311 1261 1353 0,
1286 1310 1441 1348 talium
1464 1311 1610 1348 euadit
1633 1311 1723 1358 ipsa
1747 1311 1821 1348 Ec-

172 1366 415 1404 centricitas
431 1365 474 1403 P.
491 1365 526 1403 2.
544 1363 570 1412 l.
587 1365 623 1403 9.
640 1363 683 1413 ll.
701 1366 728 1409 1,
746 1366 946 1413 Apogaeo
963 1365 1023 1411 (vt
1040 1364 1146 1410 dixi)
1163 1366 1209 1401 in
1226 1364 1267 1401 P.
1281 1365 1316 1402 5.
1332 1363 1356 1411 l.
1369 1364 1420 1402 27
1433 1370 1473 1404 6j0
1489 1366 1609 1411 prius
1626 1364 1821 1411 repofito.

172 1418 287 1466 Quae
303 1418 392 1457 duo
408 1418 493 1456 hoc
508 1419 642 1457 modo
659 1430 713 1456 ex
728 1417 1128 1466 AEquinoctialibus
1145 1417 1263 1459 locis.
1282 1418 1319 1455 &
1335 1417 1513 1455 tranfitu
1534 1429 1610 1465 per
1628 1418 1823 1455 medium

177 1474 235 1518 Ω,
257 1478 301 1511 vt
326 1471 636 1517 constituimus,
662 1472 960 1520 peruestigata,
986 1471 1085 1510 satis
1111 1473 1383 1509 conueniunt
1408 1483 1508 1509 cum
1534 1473 1597 1519 ijs,
1625 1482 1724 1518 quae
1748 1482 1823 1519 per

171 1526 368 1565 medium
384 1528 442 1571 8,
459 1522 474 1576 ΙΙ
491 1526 648 1564 eodem
664 1526 797 1564 modo
815 1531 946 1564 antea
961 1524 1247 1573 depraehensa
1262 1525 1370 1568 sunt,
1387 1524 1632 1562 differentia
1648 1527 1693 1562 in
1706 1526 1823 1572 Apo-

172 1581 254 1628 gaei
275 1579 374 1618 loco
397 1581 674 1627 contingente
694 1579 846 1618 saltem
867 1579 891 1618 3
914 1579 1067 1627 scrup.:
1092 1590 1192 1626 quae
1216 1578 1381 1616 nullius
1404 1578 1576 1625 prorsus
1599 1581 1824 1622 momenti,

174 1633 269 1672 &in
279 1633 363 1672 hac
374 1635 618 1681 pragmatia
629 1632 1079 1681 incomprehenfibilis
1092 1632 1237 1670 existit.
1254 1632 1557 1669 Eccentricitas
1570 1634 1702 1669 etiam
1713 1643 1824 1679 pene

174 1687 341 1732 eadem,
358 1698 409 1725 ac
423 1688 546 1735 prius
561 1692 722 1731 manet,
740 1686 985 1725 discrimine
1000 1686 1055 1725 ab
1067 1686 1350 1724 antecedente
1363 1685 1501 1722 solum
1514 1687 1642 1722 vnius
1654 1684 1824 1722 secund.

173 1742 474 1789 proueniente.

226 1794 298 1833 Ad
313 1805 484 1833 annum
500 1796 648 1842 itaque
665 1793 760 1832 1588
771 1795 957 1842 Apogaei
975 1793 1138 1832 Solaris
1154 1793 1302 1830 locum
1318 1795 1363 1830 in
1380 1792 1610 1830 medietate
1628 1792 1651 1830 6
1667 1792 1826 1840 gradus

175 1853 216 1888 ἐξ
238 1848 507 1892 assumentes‚
532 1847 570 1885 8(
593 1848 967 1886 Eccentricitatem
992 1847 1105 1885 Solis
1129 1846 1246 1890 3584,
1274 1846 1473 1893 qualium
1496 1845 1827 1884 Semidiameter

174 1900 411 1940 Eccentrici
435 1901 597 1946 100000,
622 1901 710 1939 siue
734 1901 777 1939 P.
801 1901 837 1939 2.
864 1900 888 1949 Ι.
913 1902 937 1939 9
962 1902 1174 1948 proxime,
1201 1900 1401 1947 qualium
1427 1899 1581 1937 eadem
1607 1900 1826 1936 assumitur

173 1954 216 1993 P.
237 1954 300 1993 60.
323 1953 349 2003 Ι.
370 1955 407 1999 0,
434 1957 540 1993 citra
563 1966 743 1993 omnem
767 1956 925 1993 erroris
948 1954 1235 2002 suspicionem
1257 1953 1435 2001 scopum
1458 1952 1724 2000 propofitum
1748 1954 1825 1989 rite

173 2019 254 2047 nos
265 2009 450 2057 attigisse‚
462 2020 531 2047 res
542 2008 632 2056 ipsa
642 2008 874 2047 testabitur.
889 2008 1021 2055 Quod
1033 2007 1412 2055 peruestigandum
1425 2006 1826 2053 ostendendumque

173 2061 484 2100 constituimus.

227 2115 408 2154 Contuli
429 2115 604 2163 insuper
623 2116 827 2164 ingressus
844 2115 956 2154 Solis
974 2117 1018 2152 in
1036 2115 1077 2153 lO
1094 2114 1131 2152 &
1148 2114 1199 2152 20
1215 2114 1331 2162 grad.
1354 2118 1393 2158 *ὅ
1417 2113 1454 2151 8(
1476 2115 1514 2157 Q
1526 2144 1533 2156 ,
1555 2124 1646 2150 non
1667 2114 1827 2150 minori

174 2168 409 2217 diligentia,
426 2180 562 2216 quam
578 2175 749 2213 caetera,
768 2169 1116 2217 praecedentibus
1134 2170 1262 2205 annis
1279 2179 1305 2205 a
1321 2167 1448 2205 nobis
1466 2167 1631 2204 caelitus
1649 2167 1827 2213 conqui-

174 2221 284 2267 fitos,
301 2234 403 2261 cum
413 2221 812 2270 AEquinoc’tialibus
828 2224 1038 2265 terminis,
1057 2221 1095 2259 8(
1112 2222 1271 2268 vbique
1285 2221 1472 2258 eandem
1484 2220 1656 2267 prorsus
1670 2219 1827 2257 Eccen-

173 2277 403 2314 tricitatem
418 2276 643 2320 adiuuem,
661 2278 775 2314 circa
791 2277 1040 2324 Apogaeum
1053 2286 1231 2322 quoque
1243 2274 1408 2311 nullius
1420 2275 1631 2311 momenti
1644 2272 1827 2320 prorsus-

175 2340 259 2376 que
275 2329 944 2377 imperceptibiliinterueniente
961 2328 1219 2371 differentia,
1242 2334 1284 2365 vt
1306 2327 1478 2365 nullum
1499 2327 1688 2374 amplius
1709 2326 1828 2363 restet

175 2382 358 2421 dubium
373 2384 560 2431 Apogaei
582 2383 619 2421 8(
641 2383 980 2421 Eccentricitatis
997 2382 1161 2420 Solaris
1182 2382 1339 2419 limites
1361 2381 1415 2418 ad
1437 2380 1703 2427 proposltum
1724 2386 1827 2416 tem-

174 2446 269 2483 pus,
286 2448 312 2475 a
327 2437 454 2475 nobis
470 2439 548 2474 rite
564 2436 746 2484 satisque
764 2435 912 2474 exad‘te
930 2435 1161 2483 dispositos.

1475 2591 1827 2631 ADMONITIO
