2164 3246
77 807 108 834 10

76 1075 107 1101 15

72 1341 107 1368 20

385 206 1046 248 PROGYMNASMATUM
1067 208 1376 248 SECUNDA
1398 211 1544 250 PARS
1720 214 1796 253 435

146 315 392 361 comparari
407 313 548 360 posset‚
564 315 711 351 minor
727 313 817 361 ipsa
833 314 969 353 Terra
985 317 1137 354 extitit:
1155 317 1266 354 adeo
1282 323 1325 355 vt
1341 317 1395 355 ab
1408 317 1490 356 hac
1502 324 1565 356 ter
1576 319 1795 367 superare-

145 373 225 407 tur.
244 367 307 405 Ex
319 378 372 405 eo
383 372 580 414 tempore
591 369 743 415 magis,
758 368 979 416 magisque
992 375 1217 407 attenuata
1228 372 1575 418 magnitudinem
1587 373 1796 412 visibilem

145 432 233 459 vna
244 431 344 458 cum
355 431 461 458 vera
471 419 686 467 paulatim
698 420 848 465 amisit,
866 424 925 459 ita
936 428 979 460 vt
991 434 1127 460 verno
1139 422 1356 470 Tempore
1369 436 1471 462 mox
1484 425 1676 470 instante,
1695 439 1794 465 con-

144 474 245 522 spici
260 484 454 521 moxque
471 473 548 511 esse
565 472 744 512 desierit.
763 474 845 512 Etsi
862 477 980 513 enim
996 475 1223 523 aliquanto
1240 476 1348 515 forte
1365 479 1527 516 diutius
1541 491 1674 526 quam
1686 481 1794 519 visui

145 527 330 576 patebat,
350 526 503 574 inipso
520 526 646 565 Caelo
662 534 920 572 moraretur,
937 535 1029 566 vtut
1045 536 1220 577 propter
1236 533 1430 578 corporis
1446 535 1714 577 tenuitatem,
1731 537 1793 572 ni-

144 583 368 628 mjamque
391 592 418 619 a
440 580 568 618 nobis
592 580 919 629 elongationem
941 581 1118 629 spec‘tari
1141 585 1385 631 nequierat:
1412 584 1594 628 Tamen,
1619 598 1719 624 cum
1742 589 1794 635 ijs

144 645 244 682 quae
265 636 312 672 in
331 633 476 671 sensus
496 644 588 671 non
609 634 770 672 cadunt
787 641 950 673 certam
965 636 1216 674 mensuram
1231 636 1451 684 praefinire
1469 640 1718 686 impossibile
1735 640 1793 683 sit,

143 687 322 726 vlterius
338 689 384 725 in
400 686 484 725 hac
500 687 926 726 commensuratione
943 690 1155 737 progredi,
1172 689 1548 737 superuacaneum
1565 692 1685 730 foret.

197 740 497 788 Nequaquam
521 742 669 788 itaque
695 741 1015 780 admittendum
1041 743 1236 788 arbitror,
1263 743 1442 782 Stellam
1466 744 1580 783 hanc
1607 747 1793 784 eandem

143 795 354 843 perpetuo
379 794 603 832 obtinuisse
628 795 989 842 magnitudinem,
1020 807 1207 844 eamque
1236 809 1313 844 per
1342 797 1558 836 discessum
1583 799 1637 837 ab
1663 800 1791 838 oculo

143 847 286 886 nostro
305 847 583 885 solummodo
603 847 794 886 alterasse
815 854 946 896 atque
963 849 1092 887 altius
1108 849 1354 888 scandendo
1371 852 1634 898 pedetentim
1651 855 1790 891 immi-

142 901 286 946 nuisse,
311 906 441 948 prout
465 900 671 939 nonnulli
697 913 750 939 ex
773 901 940 940 Seneca
966 903 1041 949 (vti
1067 904 1240 950 opinor)
1267 904 1538 942 occasionem
1562 905 1790 949 sumentes,

143 953 295 993 frustra
316 954 512 993 arbitrati
533 953 642 992 sunt.
667 954 765 993 Fuit
788 957 906 993 enim
927 957 1083 993 reuera
1103 956 1199 994 haec
1220 957 1352 995 Stella
1375 969 1545 996 nouum
1568 960 1791 1006 quoddam

143 1019 313 1056 corpus,
329 1019 418 1046 vno
431 1007 469 1045 &
481 1007 639 1046 eodem
651 1013 847 1056 tempore
864 1011 910 1046 in
927 1021 1037 1053 eam,
1055 1021 1189 1056 quam
1201 1012 1399 1058 primitus
1413 1012 1609 1055 obtinuit,
1626 1016 1790 1060 magni-

143 1061 340 1100 tudinem
361 1060 698 1105 conformatum,
720 1061 770 1106 8(,
792 1062 931 1100 donec
951 1062 1124 1110 prorsus
1145 1063 1362 1110 disparuit,
1383 1067 1428 1102 in
1449 1065 1605 1103 eodem
1625 1066 1791 1113 semper

142 1114 240 1154 loco
259 1126 538 1163 permanens.
562 1114 721 1163 Neque
743 1118 862 1153 enim
881 1115 1093 1154 Ascensus
1114 1116 1152 1153 8(
1173 1116 1411 1155 Descensus
1432 1117 1689 1163 rectilineus,
1714 1119 1790 1157 nisi

143 1179 166 1207 e
175 1167 459 1207 circularibus
469 1174 761 1216 componatur
771 1169 826 1215 (8(
836 1171 909 1207 vix
919 1169 1097 1216 quidem
1106 1169 1176 1216 fic)
1189 1170 1424 1209 caelestibus
1435 1174 1650 1219 competit,
1663 1180 1790 1220 prout

143 1227 274 1261 antea
289 1233 467 1269 quoque
484 1222 814 1270 disputauimus.
837 1222 887 1260 Et
904 1234 1039 1270 quam
1055 1223 1140 1261 alte
1157 1223 1304 1270 quaeso
1321 1224 1457 1262 attolli
1474 1225 1673 1263 debuisset
1694 1225 1789 1264 haec

142 1275 286 1319 Stella,
298 1280 551 1323 antequam,
563 1281 731 1314 retenta
741 1275 817 1314 sua
828 1278 1052 1323 primitiua
1061 1277 1373 1324 magnitudine,
1385 1289 1461 1325 per
1470 1277 1606 1316 solam
1616 1279 1789 1327 elonga-

142 1330 308 1368 tionem
327 1329 383 1367 ab
403 1327 576 1377 aspec'tu
596 1328 740 1367 nostro
760 1329 934 1376 prorsus
955 1329 1257 1368 euanesceret?
1281 1330 1408 1368 Certe
1430 1338 1645 1378 oporteret
1669 1332 1789 1370 illam

55 1388 119 1422 488
142 1382 198 1421 ad
208 1384 446 1421 minimum
456 1382 615 1421 300000
626 1379 822 1433 Se-umid.
834 1382 982 1421 Terrae
994 1383 1092 1430 plus
1104 1395 1130 1421 a
1141 1383 1231 1427 fitu‚
1247 1395 1378 1431 quem
1390 1384 1444 1422 ab
1456 1386 1579 1422 initio
1592 1386 1788 1428 obtinuit,

72 1609 106 1635 25

71 2143 106 2170 3⁵

71 2411 105 2437 ⁴0

142 1435 380 1481 ascendffle,
401 1440 642 1484 antequam
663 1436 792 1475 instar
813 1436 958 1475 Stellae
975 1436 1117 1474 Sextae
1137 1438 1375 1485 magnitud.
1398 1438 1724 1485 conspiceretur,
1746 1439 1788 1477 id

142 1488 198 1528 est
208 1489 307 1538 plus
319 1501 455 1538 quam
465 1491 599 1528 vicies
608 1489 720 1528 vltra
731 1490 986 1537 assumptam
997 1489 1179 1528 OCtauae
1189 1490 1383 1538 Sphaerae
1394 1490 1787 1534 Semidiametrum.

142 1542 181 1581 &
203 1542 349 1582 adhuc
369 1543 510 1581 multo
530 1543 673 1588 altius,
694 1543 725 1581 fi
745 1555 925 1581 omnem
949 1543 1180 1581 oculorum
1203 1546 1341 1582 aciem
1365 1544 1582 1592 effugeret.
1608 1545 1787 1583 Certum

142 1596 320 1645 quidem
336 1596 392 1635 est
408 1608 540 1635 omne
552 1596 714 1635 visibile
731 1599 776 1635 in
793 1608 846 1635 ea
862 1597 1058 1635 constitui
1074 1598 1183 1645 posse
1200 1609 1226 1635 a
1242 1598 1367 1635 nobis
1384 1597 1591 1639 distantia.
1609 1605 1651 1636 vt
1667 1599 1787 1636 senfi-

141 1649 222 1689 bus
238 1650 471 1689 oculorum
486 1650 801 1698 comprehendi
818 1656 1023 1698 nequeat:
1041 1652 1249 1688 Attamen
1265 1663 1356 1688 non
1368 1651 1422 1689 ob
1435 1652 1476 1688 id
1489 1653 1674 1689 nimium
1692 1652 1788 1690 lice-

141 1703 257 1742 bitin
269 1704 525 1752 corporibus
535 1704 698 1742 Mundi
709 1703 912 1742 senfibilis
922 1704 1199 1751 disponendis
1212 1706 1401 1752 euagari,
1414 1706 1788 1752 quemadmodum

142 1756 416 1806 Copernicus
427 1759 542 1796 circa
553 1758 762 1796 Fixarum
772 1757 1006 1796 Stellarum
1017 1757 1286 1800 immensam,
1300 1769 1433 1805 quam
1446 1758 1623 1801 admisit,
1637 1758 1787 1796 distan-

141 1812 260 1856 tiam,
281 1810 500 1859 deliquisse
516 1812 699 1850 videtur.
722 1811 912 1849 Modum
929 1813 1047 1849 enim
1064 1811 1287 1858 quendam
1304 1811 1341 1848 8(
1357 1818 1675 1859 competentem
1692 1823 1787 1859 pro-

142 1865 390 1912 portionem
406 1866 452 1903 in
467 1865 536 1903 his
551 1864 725 1903 seruare
742 1865 878 1903 decet:
901 1876 956 1902 ne
973 1867 1018 1902 in
1034 1864 1255 1902 infinitum
1275 1876 1343 1902 res
1362 1865 1636 1906 deuoluatur.
1658 1872 1787 1912 vtque

142 1917 286 1956 debita
301 1918 555 1957 admittatur
572 1918 890 1957 Creaturarum
907 1918 945 1955 &
961 1917 1191 1956 visibilium
1212 1930 1370 1961 rerum,
1393 1930 1480 1965 quo
1502 1919 1556 1956 ad
1575 1921 1787 1965 magnitu-

142 1971 291 2010 dinem
300 1971 338 2009 &
347 1971 605 2015 distantiam,
617 1972 882 2020 symmetria:
897 1983 1031 2019 quam
1043 1971 1143 2009 sane
1154 1971 1325 2009 seruare
1336 1977 1515 2018 oportet,
1529 1983 1627 2008 cum
1639 1971 1788 2009 DEVS

142 2024 430 2064 vniuerfitatis
441 2026 596 2070 Autor‚
614 2026 815 2064 ordinem
832 2031 1162 2072 competentem,
1180 2036 1272 2062 non
1288 2024 1597 2066 confusionem.
1616 2024 1652 2062 8(
1669 2031 1787 2062 atax-

142 2080 229 2123 ian,
245 2084 374 2117 amet.

193 2132 340 2180 Atque
363 2131 460 2171 haec
481 2132 534 2171 de
555 2132 701 2171 Steuae
724 2132 857 2170 huius
881 2132 1200 2180 Magnitudine.
1225 2132 1503 2178 eiusdemque
1527 2143 1617 2169 non
1640 2131 1788 2169 saltem

141 2196 242 2224 cum
252 2185 401 2231 Terra,
417 2185 489 2225 sed
505 2186 544 2224 &
560 2188 727 2225 caeteris
740 2186 852 2225 Caeli
868 2186 1122 2233 corporibus
1139 2185 1384 2229 collatione,
1401 2185 1446 2222 sit
1462 2185 1668 2222 breuibus
1680 2185 1787 2222 indi-

141 2239 244 2278 casse
259 2238 375 2278 satis:
397 2239 703 2288 Intelligentes,
725 2245 895 2282 caetera,
914 2239 943 2276 fi
960 2251 1059 2286 quae
1077 2238 1184 2276 forte
1202 2238 1428 2280 defuerint,
1446 2239 1514 2276 vel
1531 2241 1676 2275 minus
1693 2250 1787 2284 par·

140 2292 353 2332 ticulatim
369 2293 600 2332 enucleata
615 2293 706 2337 sint,
728 2293 853 2332 facile
870 2305 946 2340 per
962 2292 1002 2330 se
1020 2292 1266 2340 expedient:
1290 2292 1454 2340 Ignaris
1475 2298 1604 2338 atque
1623 2294 1666 2329 in
1684 2293 1787 2329 Arte

141 2345 224 2385 hac
239 2358 398 2395 parum
415 2349 659 2386 exercitatis
675 2347 750 2385 ista
765 2358 856 2385 non
873 2346 1107 2384 scribimus.

141 2399 352 2439 Absoluta
364 2402 494 2449 igitur
504 2412 623 2439 nunc
636 2400 838 2439 Secunda
851 2400 966 2438 Libri
979 2406 1112 2447 parte,
1127 2399 1269 2437 nostra
1282 2401 1394 2436 circa
1408 2399 1521 2436 hanc
1534 2399 1711 2436 Stellam
1724 2410 1787 2436 ra-

170 2455 350 2493 tiocinia
358 2452 689 2502 complectente:
700 2454 769 2492 Ad
779 2453 972 2492 Tertiam
982 2460 1025 2491 vt
1035 2464 1115 2491 nos
1125 2452 1416 2494 conseramus,
1427 2458 1556 2499 atque
1567 2452 1754 2489 aliorum

268 2507 431 2547 Placita
442 2520 530 2547 vna
541 2507 904 2556 introspiciamus,
917 2509 1006 2545 iam
1018 2507 1197 2544 demum
1210 2513 1508 2553 opportunum
1521 2505 1658 2542 suerit.

247 2569 297 2595 ⁵5·
