2164 3246
384 210 1043 251 PROGYMNASMATUM
1066 213 1374 253 SECUNDA
1397 216 1547 255 PARS
1717 217 1794 256 389

197 317 455 365 Vsurpando
471 319 600 365 igitur
615 317 687 356 hic
704 319 1035 358 antecedentem
1047 320 1079 358 F
1081 322 1384 369 igurationem.
1403 329 1532 370 atque
1545 326 1736 371 primum
1748 326 1793 362 in

143 370 552 415 citimaAltitudine‚
562 378 770 409 manente
780 373 891 421 Ang.
901 373 1043 411 MNA
1053 381 1095 412 vt
1105 377 1237 422 prius,
1248 375 1289 413 P.
1298 376 1360 413 62.
1372 375 1395 423 l.
1406 377 1458 414 15.
1470 377 1568 419 ΝΑ,
1580 376 1792 415 10000000.

143 424 255 468 MA,
271 424 468 468 8849876,
485 436 626 472 eaque
643 427 795 463 omnia
812 426 968 464 eodem
979 434 1022 465 vt
1039 434 1168 466 antea
1181 428 1573 467 Demonstrationis
1590 431 1792 478 processu,

141 483 311 516 mutato
326 477 477 516 saltem
493 477 564 516 hic
580 478 714 516 latere
732 479 826 517 HA
843 480 898 518 ad
915 483 1203 528 quantitatem
1220 482 1425 520 altissimae
1442 483 1651 521 distantiae
1668 483 1792 527 Solis,

90 546 106 571 5
143 543 170 570 3
185 531 333 575 Τ6113,
351 531 531 578 quando
547 532 772 579 Apogaeus
789 532 856 576 611,
879 545 978 580 quae
995 533 1233 573 secundum
1250 536 1413 574 nostras
1430 539 1622 575 rationes
1639 537 1747 585 Cap.
1766 539 1791 575 1.

143 583 348 623 definitur
368 584 528 622 Semid.
550 584 698 623 Terrae
720 586 818 630 1182,
839 589 972 624 ternis
994 587 1325 635 Copernianam
1347 590 1401 627 ob
1422 592 1636 628 maiorem
1658 602 1792 638 quam

142 637 214 676 ille
230 640 401 686 putauit
417 637 802 683 Eccentricitatem,
824 639 1044 688 superans,
1062 644 1265 688 prouenit
1281 643 1440 681 idcirco
1458 655 1574 681 nunc
1591 644 1793 691 Angulus

143 691 309 736 MHA,
326 691 578 730 Parallaxin
594 694 640 730 in
657 692 893 731 decliuiore
910 693 989 732 fitu
1004 695 1262 733 mensurans
1281 695 1305 742 l.
1323 696 1358 733 2.
1378 695 1420 743 ll.
1439 696 1500 734 34.

195 744 246 782 In
261 743 464 792 suprema
479 756 584 783 vero
601 745 748 784 versus
764 746 923 785 Zenith
942 747 1242 790 collocatione.
1265 749 1412 787 euadit
1428 750 1630 798 Angulus
1648 750 1791 793 RGA.

54 805 119 838 424
141 797 381 837 secundum
404 798 576 836 easdem
599 801 969 842 ratiocinationes.
994 802 1152 848 quibus
1175 805 1294 850 prius
1315 799 1329 852 ΙΙ
1350 802 1420 845 vfi,
1445 803 1482 841 8(
1506 804 1684 842 assumta
1703 806 1792 842 iam

144 851 235 891 GA
257 851 420 899 aequali
443 853 732 891 remotissimae
756 853 897 892 Solari
921 854 1130 893 distantiae
1156 854 1180 903 l.
1202 855 1238 893 0.
1262 855 1304 902 ll.
1323 856 1376 899 18,
1400 868 1501 903 quae
1524 856 1553 894 fi
1576 857 1792 904 prioribus

142 904 294 954 ijsdem
308 905 362 943 de
379 905 528 949 caufis,
545 906 704 953 quibus
721 908 839 954 apud
856 908 1030 946 Lunam
1046 908 1141 946 fieri
1158 911 1348 957 oportuit
1365 910 1673 953 addiderimus,
1696 922 1791 958 pro-

143 958 248 997 dibit
267 960 565 997 remotionum
581 959 810 998 discrimen
827 960 973 999 Nouae
991 961 1136 1000 Stellae
1153 974 1179 1000 a
1195 961 1410 1010 praedidtis
1427 975 1527 1001 cum
1544 975 1596 1001 63
1613 964 1791 1002 Meridi-

143 1023 282 1051 anum
291 1012 614 1051 transeuntibus
625 1011 637 1060 l
644 1044 650 1051 .
661 1013 697 1051 2.
710 1012 753 1061 ll.
763 1014 826 1052 52.
841 1014 957 1052 Licet
969 1026 1073 1053 vero
1086 1015 1181 1053 haec
1194 1015 1438 1054 differentia
1450 1028 1540 1054 non
1553 1017 1791 1055 admodum

77 1079 108 1105 15
143 1077 305 1114 magna
315 1065 374 1110 fit,
387 1077 487 1104 cum
498 1072 647 1104 tamen
658 1072 783 1105 terna
794 1067 995 1115 scrupula
1004 1071 1202 1116 proxime
1213 1072 1403 1117 attingat,
1417 1081 1469 1108 eo
1480 1082 1568 1117 quo
1577 1070 1636 1108 vfi
1645 1070 1792 1108 sumus

144 1118 445 1163 Instrumento,
471 1120 589 1167 quod
615 1119 782 1168 fingula
805 1132 982 1169 quoque
1005 1124 1177 1160 minuta
1200 1123 1525 1161 discriminatim
1549 1123 1792 1167 exhibebat,

143 1171 240 1211 haec
255 1172 553 1221 discrepantia,
571 1185 858 1222 nequaquam
873 1176 1225 1223 imperceptibilis
1243 1183 1344 1214 erat.

196 1225 261 1264 Ex
277 1237 366 1274 quo
381 1228 522 1275 igitur.
539 1238 684 1275 neque
701 1229 747 1265 in
763 1228 958 1267 altissima
975 1229 1138 1267 Solaris
1155 1229 1364 1268 distantiae
1382 1230 1641 1273 eleuatione,
1662 1230 1793 1269 Stella

143 1279 239 1318 haec
250 1291 383 1318 omne
392 1279 675 1319 Parallaxeos
686 1281 898 1320 indicium
911 1282 1147 1326 excluserit,
1160 1282 1229 1321 sed
1242 1286 1374 1321 ternis
1386 1285 1565 1321 minutis
1575 1283 1794 1322 distantias

73 1345 107 1372 20
142 1332 366 1382 supremas
389 1339 520 1381 atque
544 1336 713 1373 citimas
737 1337 908 1373 variare
932 1335 1140 1379 debuerit,
1167 1337 1284 1383 quod
1307 1343 1455 1375 tamen
1478 1336 1567 1384 ipsa
1590 1344 1794 1376 accurata

144 1386 403 1426 Obseruatio
423 1399 516 1425 non
536 1388 802 1433 admittebat,
825 1389 998 1436 prorsus
1015 1392 1060 1427 in
1077 1390 1232 1428 eodem
1254 1390 1441 1438 scrupuli
1458 1389 1630 1438 puncto.
1649 1390 1686 1428 8(
1703 1392 1792 1429 Α11-

142 1439 245 1489 gulo
265 1439 540 1479 Instrumenti
561 1441 814 1480 nullatenus
835 1445 1004 1481 variato
1026 1443 1213 1481 eandem
1237 1443 1459 1487 exhibens,
1484 1444 1642 1481 idcirco
1664 1443 1701 1481 &
1722 1444 1793 1482 hic

142 1499 260 1542 patet
273 1493 454 1533 Stellam
469 1494 585 1533 hanc
602 1495 796 1539 Nouam,
815 1495 959 1534 adhuc
976 1496 1106 1534 altius
1118 1498 1144 1534 a
1156 1496 1300 1535 Terris
1316 1496 1641 1539 [emouendam.
1659 1509 1793 1544 quam

142 1546 222 1586 fert
238 1559 351 1596 apex
367 1547 589 1587 Solarium
606 1548 965 1593 Reuolutionum,
988 1549 1026 1587 &
1046 1561 1123 1597 per
1143 1550 1413 1598 consequens
1433 1550 1561 1598 longe
1582 1553 1729 1588 minus
1748 1553 1792 1588 in

73 1614 107 1640 25
142 1600 286 1649 spacio
295 1601 512 1640 ambobus
522 1602 834 1641 Luminaribus
844 1604 1149 1646 intercedente,
1160 1604 1306 1642 locum
1317 1603 1536 1642 obtinebit.
1549 1603 1680 1650 Quod
1691 1616 1793 1642 eum

142 1656 189 1693 in
203 1655 388 1693 modum
399 1667 492 1694 non
503 1655 628 1694 aliter
640 1668 776 1703 quam
787 1662 918 1694 antea
930 1656 1265 1695 demonstratiue
1279 1657 1538 1695 concludere
1550 1656 1790 1705 sategimus.

197 1707 319 1755 Quin
330 1707 369 1746 8(
379 1708 491 1747 vltra
506 1710 806 1748 remotissimas
820 1709 996 1748 Saturni
1010 1710 1324 1748 Reuolutiones
1341 1710 1625 1753 ascendendo,
1643 1722 1700 1749 an
1717 1711 1791 1749 ali-

143 1773 244 1810 qua,
254 1761 517 1810 &quantula
526 1762 572 1801 fit
581 1762 714 1801 huius
725 1763 982 1801 diuerfitatis
994 1763 1226 1802 insinuatio
1239 1765 1559 1802 attentabimus.
1574 1763 1792 1810 Quamuis

143 1817 263 1854 enim
273 1815 329 1854 ob
340 1818 584 1854 maximam
596 1816 774 1855 Saturni
785 1828 811 1855 a
823 1816 967 1854 Terris
980 1817 1304 1865 elongationem
1317 1817 1566 1855 Parallaxes
1580 1817 1666 1855 illic
1681 1829 1791 1865 pene

73 1880 107 1907 30
143 1868 406 1908 insenfibiles
422 1869 627 1914 euadant,
646 1870 795 1908 Terrae
812 1870 1146 1909 Semidiametro
1164 1871 1219 1909 ad
1235 1878 1324 1909 tam
1341 1871 1624 1909 immodicam
1640 1870 1792 1908 distan-

142 1923 329 1961 tiamvix
337 1923 663 1971 perceptibilem
671 1924 893 1962 obtinente
902 1926 1243 1971 proportionem,
1253 1930 1444 1962 attamen
1453 1935 1505 1962 ea
1512 1930 1599 1962 vtvt
1607 1924 1792 1966 modica,

142 1975 316 2024 prorsus
330 1982 481 2080 13ῐῇ1611
496 1977 622 2015 1111113
638 1977 714 2015 6136
732 1979 899 2025 nequit:
917 1979 1063 2024 itaque
1077 1977 1114 2015 &
1126 1977 1240 2016 hanc
1255 1989 1346 2015 non
1363 1978 1683 2025 inexploratam
1700 1989 1792 2025 per-

142 2031 376 2068 mittemus.

55 2088 120 2121 425
196 2082 427 2132 Colligitur
442 2090 591 2122 autem
608 2095 661 2122 ex
674 2084 1129 2122 Demonstrationibus
1143 2084 1440 2131 Copernicaeis
1454 2084 1596 2122 Lib.V.
1611 2083 1718 2131 Cap.
1733 2083 1792 2121 IX

72 2147 107 2174 3⁵
143 2136 356 2184 expolitis,
377 2137 618 2176 Saturnum
634 2139 882 2186 Apogaeum
904 2140 1136 2180 remoueri,
1158 2145 1264 2185 part.
1282 2138 1317 2175 9.
1337 2139 1490 2175 minut.
1509 2137 1571 2178 42.
1593 2137 1792 2184 qualium

143 2188 475 2229 Semidiameter
498 2191 629 2230 Orbis
652 2190 764 2230 Solis
788 2191 843 2229 611
866 2203 964 2229 vna.
993 2190 1109 2229 Cum
1135 2198 1283 2229 autem
1308 2191 1436 2229 Orbis
1461 2193 1598 2229 annui
1624 2190 1792 2228 semissis

142 2241 381 2282 secundum
401 2244 593 2283 eundem
614 2244 761 2282 existat
782 2244 1220 2282 Semidiametrorum
1241 2244 1388 2282 Terrae
1413 2244 1508 2287 1142,
1533 2243 1697 2282 distabit
1719 2243 1792 2282 Sa-

142 2301 298 2335 tumus
320 2298 634 2342 remotissimus‚
659 2299 685 2336 a
708 2297 808 2336 Sole
833 2298 943 2336 11077
968 2297 1115 2335 Terrae
1139 2297 1494 2339 Semidiametris.
1519 2297 1665 2335 addita
1688 2308 1792 2335 vero

143 2348 285 2389 Solari
307 2351 364 2389 ad
385 2362 468 2389 nos
491 2352 816 2399 intercapedine
844 2351 913 2397 (de
938 2362 1025 2398 qua
1049 2351 1154 2396 dixi)
1181 2351 1338 2389 euadet
1364 2351 1646 2389 interuallum
1673 2350 1793 2388 12220

73 2413 108 2440 4ο
143 2401 245 2448 fere,
270 2403 389 2442 velut
414 2416 496 2443 nos
520 2405 616 2443 haec
641 2404 836 2452 sequenti
861 2404 968 2452 Cap.
993 2404 1144 2442 nostris
1168 2404 1494 2452 Hypothefibus
1517 2404 1791 2451 applicando.

143 2459 357 2504 promtius
368 2457 407 2496 &
417 2458 591 2506 plenius
608 2459 936 2506 explicabimus.
955 2457 1037 2496 Sed
1050 2458 1280 2496 assumetur
1292 2457 1437 2496 adhuc
1450 2457 1583 2505 paulo
1596 2457 1717 2498 vltra.
1735 2459 1792 2494 ita

143 2515 187 2548 vt
206 2509 340 2549 Stella
359 2511 455 2550 haec
475 2511 610 2550 Noua
626 2512 748 2550 12300
763 2511 911 2550 Terrae
929 2511 1273 2550 Semidiametris
1294 2511 1496 2558 elongata
1517 2510 1790 2599 intelligatfir.

1681 2574 1722 2609 ip
1743 2574 1790 2599 as
