2243 3225
409 212 476 250 180
783 203 1238 245 ASTRONOMIAE
1259 199 1681 241 INSTAURATAE

461 316 627 354 Eodem
644 314 727 351 Die
744 314 796 350 A.
815 312 878 349 M.
895 311 1006 349 Hor.
1023 311 1059 348 7.
1077 310 1140 347 M.
1157 310 1212 353 41,
1234 308 1448 347 Distantia
1463 310 1574 346 inter
1589 307 1808 345 Venerem
1824 306 1862 344 &
1878 306 2053 355 Spicam

408 376 455 417 ttp
477 369 555 406 suit
576 373 682 415 part.
700 366 762 404 29.
781 364 807 413 l.
824 364 909 404 333·
932 363 1181 401 Declinatio
1197 362 1381 400 Veneris
1401 367 1508 409 part.
1530 361 1583 399 14.
1607 359 1632 408 Ι.
1654 360 1678 398 2
1699 359 1858 398 Merid.
1879 371 1956 407 per
1971 361 2051 399 Ar-

406 422 561 460 millas.
578 419 776 457 Altitudo
792 418 925 456 huius
937 417 978 455 19
989 422 1096 464 part.
1114 415 1184 453 Ad
1198 415 1513 462 inquirendum
1525 414 1628 452 hinc
1639 413 1858 460 Vtriusque
1870 413 2053 452 Veneris

407 476 444 513 &
461 475 599 521 Spicae
616 473 806 520 Virginis
827 469 1098 508 interstitium
1113 467 1433 512 Ascenfionale,
1454 467 1642 506 eandem
1659 466 1865 514 Figuram
1880 466 2051 515 vsurpe-

406 539 516 569 mus,
534 529 579 564 in
596 537 684 573 qua
700 526 733 562 Β
750 524 795 561 fit
812 524 939 571 Spica
956 528 1017 571 m).
1038 521 1075 560 C
1091 522 1254 559 Venus.
1273 521 1423 567 Quare
1439 523 1485 559 in
1500 519 1741 568 Triangulo
1758 519 1898 564 BAC,
1920 520 2053 559 Latus

406 581 488 618 BA
510 585 616 627 part.
634 579 687 616 81.
711 576 736 625 l.
758 577 816 621 23,
840 576 1227 623 Complementum
1248 574 1569 613 Declinationis
1589 573 1729 621 Spicae
1751 579 1800 621 τη)
1821 573 1877 611 ad
1896 573 2053 612 Polum

405 632 661 671 Australem.
676 631 870 678 CApart.
881 630 943 668 75.
956 627 1649 677 l.58.C0mp1em.Dec1inationis
1664 630 1690 670 Ω
1705 626 1761 665 ad
1772 638 1875 664 eum
1884 626 2052 665 Polum.

405 686 484 724 BC
500 690 606 733 part.
624 685 686 722 29.
706 683 731 731 Ι.
749 684 833 727 33ὲ-,
855 682 1054 721 distantia
1074 685 1101 725 Q
1123 680 1161 719 &
1181 681 1334 728 Spicae.
1357 681 1442 719 His
1463 681 1572 719 datis
1592 679 1807 718 beneficio
1828 678 2053 719 Doctrinae

404 738 744 786 Triangulorum
765 734 1004 784 patefac‘tus
1025 734 1080 773 est
1096 734 1257 782 Angul.
1274 733 1416 778 BAC,
1433 734 1476 772 P.
1493 734 1556 772 29.
1575 732 1600 781 l.
1617 734 1680 771 44.
1699 731 1743 781 ll.
1759 733 1814 777 21,
1836 735 1912 780 qui
1932 733 2052 772 diffe-

405 794 591 830 rentiam
607 790 775 829 Ascens.
793 790 976 827 Veneris
989 788 1026 826 &
1038 788 1178 836 Spicae
1195 787 1387 826 ostendit.
1405 787 1694 825 Interuallum
1704 786 1947 834 Temporis,
1964 798 2052 834 quo

405 845 500 883 haec
518 844 775 883 Obseruatio
792 843 929 881 altera
948 841 1028 879 fuit
1049 843 1253 886 anterior,
1276 841 1331 879 est
1347 841 1458 879 Hor.
1475 841 1502 878 1.
1521 839 1546 888 l.
1564 840 1627 885 25,
1649 841 1719 878 cui
1735 840 1788 878 de
1804 846 1928 878 motu
1947 843 1974 884 Q
1992 840 2052 878 di-

2092 801 2122 828 10

404 910 516 936 urno
536 903 642 945 part.
656 898 682 935 1.
698 895 722 944 l.
735 897 759 934 4
776 899 898 934 iuxta
913 892 928 945 ΙΙ
943 895 1234 942 AEquatorem
1249 894 1521 942 respondent,
1540 892 1614 942 l.3.
1629 891 1640 941 l
1646 891 1671 941 Ι.
1684 893 1748 937 47,
1761 893 2054 933 subtrahenda
2080 903 2139 935 176

406 952 459 989 ab
476 950 736 989 Ascenfione
753 950 936 987 Veneris
953 953 1083 986 antea
1099 959 1126 986 a
1142 947 1242 986 Sole
1259 947 1556 995 depraehensa,
1572 952 1616 985 vt
1631 946 1735 984 huic
1749 949 1936 995 tempori
1952 958 2052 986 con-

406 1007 567 1048 ueniat,
585 1004 627 1041 P.
640 1003 729 1041 225.
749 1001 774 1051 l.
786 1003 849 1040 44.
869 1000 911 1050 ll.
924 1002 987 1039 44.
1004 1002 1074 1039 Ab
1090 1001 1174 1039 hac
1189 1000 1284 1039 Asc.
1302 999 1433 1039 Recta
1451 1004 1478 1044 9
1496 998 1704 1038 subducta
1719 999 1965 1039 differentia
1977 1000 2052 1039 As-

407 1057 640 1095 cenfionali
664 1060 690 1100 Q
714 1056 751 1094 &
775 1056 915 1103 Spicae
939 1061 1001 1103 m),
1024 1054 1242 1102 reliquam
1264 1053 1365 1093 facit
1385 1054 1479 1092 Asc.
1501 1052 1614 1092 Redi.
1636 1053 1776 1101 Spicae
1799 1053 1842 1092 P.
1863 1054 1944 1093 196.
1969 1052 1995 1102 Ι.
2015 1054 2052 1093 0.

408 1110 450 1158 ll.
474 1111 537 1153 23,
565 1122 592 1148 a
621 1122 710 1157 qua
737 1109 884 1147 denuo
910 1108 1135 1146 auferatur
1156 1107 1250 1146 Asc.
1275 1107 1533 1152 differentia,
1558 1109 1670 1145 inter
1691 1106 1905 1146 Lucidam
1929 1113 1990 1151 V,
2015 1107 2054 1146 ἃ

406 1164 580 1211 Spicam
597 1169 645 1211 m>
663 1163 771 1201 alias
787 1162 885 1200 satis
901 1161 1100 1200 constans
1115 1161 1158 1199 P.
1172 1161 1252 1200 169.
1267 1159 1279 1209 Ι
1285 1192 1292 1199 .
1305 1162 1358 1200 51.
1373 1159 1416 1209 ll.
1429 1161 1492 1205 25,
1509 1160 1841 1208 remanebitque
1852 1160 2053 1199 Ascenfio

407 1215 535 1254 Recta
557 1216 734 1254 Lucidae
757 1222 803 1256 V
825 1216 868 1253 P.
885 1215 948 1253 26.
971 1213 997 1262 l.
1014 1215 1050 1253 8.
1074 1213 1117 1263 ll.
1134 1214 1197 1253 58.
1219 1214 1302 1252 Pro
1318 1215 1462 1252 Annis
1481 1214 1518 1259 2,
1540 1213 1766 1252 Mensibus
1786 1214 1832 1258 11,
1851 1213 2053 1253 subtrahe

408 1269 433 1317 l.
450 1270 486 1307 2.
505 1269 548 1318 ll.
565 1270 628 1313 26,
646 1269 815 1316 reliqua
832 1271 910 1307 erit
925 1268 1128 1306 Ascenfio
1145 1267 1337 1306 eiusdem
1352 1269 1487 1306 Anno
1503 1267 1596 1306 1585
1613 1267 1830 1315 completo
1846 1267 1890 1306 P.
1901 1267 1964 1306 26.
1978 1266 2004 1316 Ι.
2016 1268 2052 1306 6.

2093 1069 2122 1094 15

408 1322 419 1370 l
426 1322 450 1371 l.
462 1323 523 1361 32.
534 1323 700 1361 Verum
710 1325 815 1370 quia
824 1323 958 1360 Anno
968 1321 1074 1365 1586,
1086 1333 1163 1369 per
1173 1321 1306 1359 Diem
1314 1321 1365 1360 26
1375 1321 1632 1359 Decembris
1642 1323 1826 1359 inuenta
1835 1321 1890 1359 est
1899 1321 2054 1360 eadem
2089 1337 2122 1363 20

406 1377 447 1414 P.
461 1377 523 1414 25.
543 1375 567 1424 l.
581 1377 642 1414 54.
662 1375 704 1424 ΙΙ.
718 1375 770 1419 51,
788 1376 935 1414 euadit
950 1375 1170 1422 vtriusque
1186 1374 1433 1413 differentia
1450 1373 1475 1422 Ι.
1492 1374 1534 1413 11.
1553 1373 1596 1423 ll.
1612 1374 1666 1419 41,
1683 1376 1808 1413 cuius
1823 1374 2054 1413 dimidium

408 1428 432 1477 l.
450 1430 485 1468 5.
505 1428 516 1477 Ι
523 1428 534 1477 s
541 1460 547 1467 .
565 1430 650 1473 501,
672 1429 869 1467 additum
886 1430 1048 1466 minori
1069 1429 1268 1476 producit
1283 1428 1592 1467 Ascenfionem
1613 1426 1790 1467 Rectam
1810 1427 1988 1466 Lucidae
2006 1433 2052 1468 V

405 1483 634 1521 limitando
651 1481 900 1526 correctam,
918 1482 960 1520 P.
978 1482 1040 1520 26.
1060 1480 1085 1530 l.
1102 1482 1138 1520 O.
1158 1480 1201 1530 ll.
1218 1481 1293 1522 41³1.

459 1536 579 1582 Quin
594 1536 631 1574 &
645 1536 716 1574 hic
730 1541 848 1583 patet
860 1535 1152 1574 differentiam
1163 1535 1383 1583 Vtriusque
1395 1534 1668 1573 Ascenfionis
1679 1534 1953 1574 diuersorum
1963 1535 2053 1573 An-

405 1601 565 1627 norum
587 1589 642 1627 ob
663 1590 705 1627 id
726 1589 861 1637 paulo
882 1591 1098 1627 maiorem
1119 1589 1212 1632 esse:
1236 1589 1334 1627 licet
1354 1600 1446 1627 non
1466 1589 1591 1633 adeo,
1612 1594 1656 1626 vt
1676 1594 1819 1632 antea,
1843 1590 1949 1636 quia
1970 1587 2053 1627 hoc

406 1655 581 1690 quoque
600 1643 698 1681 loco
715 1645 867 1681 omnia
883 1642 997 1680 infra
1012 1642 1303 1690 AEquatorem
1319 1645 1365 1680 in
1381 1642 1607 1681 decliuiori
1626 1641 1704 1680 situ
1722 1642 2051 1691 peragebantur.

482 1820 558 1858 EX
580 1820 757 1859 ANNO
778 1820 872 1858 1586
893 1820 997 1858 PER
1019 1819 1174 1858 DIEM
1191 1758 1607 1859 {7'7I-DECEMBRIS
1629 1820 1666 1858 &
1687 1819 1865 1859 ANNO
1886 1820 1980 1860 1588

508 1882 558 1920 29
579 1882 931 1921 NOUEMBRIS
953 1882 1016 1920 IN
1037 1882 1408 1921 ALTITUDINE
1429 1881 1771 1929 VTROBIQUE
1792 1882 1953 1922 SOLIS

834 1945 876 1984 3}
901 1944 1062 1982 PART.
1086 1944 1240 1982 IDEM
1262 1944 1622 1983 EXPLORARE.

481 2015 613 2053 NNO
631 2015 814 2053 Domini
830 2015 936 2059 1586,
954 2015 1038 2053 Die
1055 2016 1106 2054 27
1123 2015 1380 2054 Decembris
1396 2015 1438 2053 P.
1452 2015 1515 2053 M.
1534 2015 1644 2054 Hor.
1661 2016 1697 2054 2.
1716 2015 1779 2054 M.
1796 2016 1859 2059 48,
1876 2015 2052 2055 distabat

515 2069 665 2106 Venus
682 2081 707 2106 a
725 2068 889 2107 Centro
902 2069 1014 2107 Solis
1031 2069 1073 2107 P.
1086 2070 1149 2107 46.
1164 2067 1189 2117 l.
1202 2069 1265 2107 22.
1283 2069 1482 2107 Altitudo
1497 2069 1609 2108 Solis
1625 2075 1732 2117 part.
1745 2069 1804 2110 31.
1824 2073 1851 2113 Q
1870 2075 1976 2118 part.
1988 2068 2050 2108 23.

405 2121 652 2159 Declinatio
669 2122 852 2160 Veneris
870 2123 1177 2160 Meridionalis
1193 2122 1235 2160 P.
1253 2123 1305 2160 10.
1324 2121 1350 2170 l.
1367 2123 1452 2162 491.
1475 2123 1617 2161 Locus
1634 2122 1746 2161 Solis
1763 2129 1870 2171 part.
1882 2123 1935 2162 15.
1951 2121 1977 2171 Ι.
1989 2122 2050 2162 52.

405 2173 447 2220 ll.
465 2174 514 2211 34
537 2181 576 2214 z.
599 2175 800 2213 Ascenfio
824 2174 951 2214 Recta
973 2176 1015 2213 P.
1033 2176 1122 2214 287.
1142 2174 1236 2223 l.14.
1257 2174 1299 2223 ll.
1317 2176 1342 2213 1.
1365 2175 1615 2214 Declinatio
1631 2176 1715 2214 loci
1732 2176 1845 2215 Solis
1865 2182 1972 2224 part.
1987 2175 2050 2214 22.

405 2226 428 2273 l.
447 2228 509 2264 34.
529 2226 571 2274 ll.
590 2228 640 2266 37
658 2228 976 2266 Meridionalis.
999 2229 1279 2276 Quapropter
1295 2235 1338 2267 vt
1355 2229 1636 2277 cognoscatur
1653 2241 1705 2268 ex
1722 2229 1790 2268 his
1806 2230 1917 2268 datis
1932 2228 2050 2268 diffe-

404 2283 541 2317 rentia
564 2281 656 2318 Asc.
676 2280 816 2319 Reciae
839 2284 949 2319 inter
970 2282 1117 2320 Solem
1139 2282 1177 2320 &
1193 2283 1424 2325 Venerem,
1447 2283 1491 2320 fit
1513 2285 1558 2321 in
1579 2283 1662 2321 hac
1683 2283 1841 2332 Figura
1861 2284 1901 2321 A
1922 2282 2050 2321 Polus

404 2333 656 2380 AEquatoris
670 2335 911 2376 Austrinus,
930 2336 962 2373 Β
983 2339 1023 2378 Q.
1043 2335 1079 2373 C
1095 2338 1154 2379 Θ.
1174 2336 1357 2383 Reliqua
1372 2348 1447 2383 per
1459 2336 1499 2374 se
1512 2343 1616 2375 nota
1628 2336 1734 2375 sunt.
1752 2337 1801 2375 In
1813 2335 2050 2385 Triangulo

404 2398 504 2434 ergo
524 2388 662 2429 ΒΑΕ,
685 2390 788 2435 quia
807 2389 939 2426 Latus
957 2389 1037 2426 BA
1056 2389 1109 2426 est
1128 2389 1515 2436 Complementum
1534 2390 1854 2428 Declinationis
1869 2390 2050 2428 Veneris

404 2446 509 2487 part.
528 2441 589 2478 79.
609 2439 633 2486 l.
652 2441 725 2480 10¹2.
745 2441 876 2479 Latus
894 2441 978 2480 CA
996 2441 1384 2489 Complementum
1403 2443 1722 2482 Declinationis
1738 2443 1851 2482 Solis
1867 2449 1972 2491 part.
1986 2442 2047 2481 67.

404 2495 506 2530 min.
526 2494 610 2535 252..
633 2495 686 2532 ad
706 2495 859 2531 Polum
877 2495 1134 2533 Australem.
1158 2496 1290 2533 Latus
1312 2496 1390 2534 BC
1412 2496 1609 2535 distantia
1626 2497 1844 2545 Vtriusque
1864 2502 1971 2544 part.
1986 2495 2047 2534 46.
2083 2506 2116 2532 ⁴0

1944 2548 1970 2597 Ι.
1986 2548 2046 2587 22.
