2243 3225
415 230 473 266 118
789 222 1242 262 ASTRONOMIAE
1264 220 1686 258 INSTAURATAE

415 334 451 371 8(
462 332 593 370 relidti
603 328 778 380 bi-sssec‘ti
787 330 1023 376 Tangente‚
1036 333 1083 366 ut
1092 330 1224 375 prius,
1236 326 1466 364 utendum:
1480 326 1658 373 Eritque
1668 326 1855 374 angulus
1865 327 2056 366 Prostha-
2076 336 2097 368 0
2105 337 2146 370 23

413 385 656 433 phaereseos
674 383 1009 421 Eccentricitatis
1025 381 1093 428 adj
1101 379 1276 418 ec'tivus.

466 439 596 475 Hanc
613 434 1003 482 Prosthaphaerefin
1020 433 1058 471 8(
1074 433 1388 476 Variationem‚
1413 443 1548 479 quam
1568 431 1794 479 seposuisti,
1816 439 2057 480 coaequatae

414 490 691 538 Longitudini
711 491 739 534 ζ(
763 488 817 526 ab
838 485 1103 534 aequinofflo
1124 498 1203 533 pro
1223 485 1558 533 vniuscujusque
1579 484 1822 529 affectione,
1843 486 1968 530 adde,
1988 486 2059 525 vel

413 544 466 582 ab
483 543 557 581 illa
573 542 708 586 aufer,
726 542 763 579 8(
780 540 1055 588 comparabis
1071 550 1226 577 verum
1241 539 1390 577 locum
1409 539 1438 583 D
1455 539 1509 577 ab
1526 537 1804 585 aequinofflo.
2093 554 2109 580 5

1062 636 1405 674 EXEMPLVM.

493 702 625 740 NNO
643 700 797 739 Christi
820 700 926 741 1587.
948 699 1032 737 Die
1054 699 1096 736 18
1112 698 1291 746 Augusti
1308 698 1367 736 H.
1384 699 1408 736 7
1424 700 1596 735 minuto
1611 698 1662 736 25
1679 709 1717 736 a.
1734 709 1790 735 m.
1808 697 2059 737 observatus

528 755 582 792 est
598 766 674 802 per
691 753 831 791 nostra
847 753 1130 790 instrumenta
1146 752 1287 789 Verus
1303 751 1426 789 locus
1442 751 1582 789 Lunae
1598 751 1660 789 26.
1678 751 1721 788 P.
1738 751 1801 789 23.
1820 749 1832 799 Ι
1838 782 1845 789 .
1864 754 1919 795 Π.
1942 751 2058 790 Cum

411 815 559 847 autem
579 810 621 852 Θ
641 813 744 845 tunc
760 808 967 853 temporis
983 805 1111 843 fuerit
1127 807 1173 842 in
1188 805 1224 842 4.
1242 805 1285 842 P.
1303 811 1365 853 m),
1386 805 1606 852 ingredior
1622 816 1723 842 cum
1743 804 1828 842 hoc
1845 804 1983 852 gradu
1997 810 2057 843 ta-

410 862 561 900 bulam
577 862 839 908 aequationis
856 860 1026 897 dierum
1042 858 1314 896 naturalium
1328 860 1533 905 priorem,
1551 857 1645 895 &in
1657 857 1821 906 angulo
1833 860 2058 896 communi
2097 873 2126 898 ιο

411 915 535 952 offert
556 914 595 951 se
617 915 808 960 aequatio
825 914 860 951 7.
881 911 905 960 Ι.
923 911 1216 950 subtrahenda
1232 914 1418 959 tempori
1435 913 1676 959 apparenti,
1698 917 1744 949 ut
1765 911 1938 958 aequale
1959 922 2057 949 eva-

411 968 482 1006 dat
504 968 556 1005 16.
574 967 627 1004 D.
646 967 699 1004 19.
717 966 775 1003 H.
794 966 846 1004 18.
866 964 890 1013 Ι.
913 966 983 1003 Ad
1004 965 1088 1002 hoc
1108 967 1256 1012 itaque
1277 970 1450 1012 tempus
1468 964 1731 1012 colliguntur
1751 964 1947 1012 aequales
1966 975 2057 1003 mo·

410 1028 478 1059 tus
502 1023 560 1065 Θ,
583 1022 748 1067 eritque
770 1030 989 1067 apogeum
1013 1020 1056 1062 Θ
1080 1018 1116 1056 3.
1134 1018 1174 1056 S.
1191 1019 1227 1056 5.
1245 1018 1288 1056 P.
1305 1018 1368 1056 29.
1388 1016 1413 1065 Ι.
1431 1018 1493 1056 43.
1513 1016 1556 1065 ll.
1582 1019 1625 1062 Θ
1650 1017 1829 1065 fimplex
1849 1018 1885 1056 5.
1903 1017 1943 1056 S.
1960 1018 1996 1056 5.
2013 1017 2056 1056 P.

410 1075 472 1112 50.
496 1072 520 1121 Ι.
543 1074 596 1110 21.
620 1072 662 1120 ΙΙ.
686 1071 1068 1120 Prosthaphaerefis
1092 1073 1135 1115 Θ
1160 1072 1186 1109 1.
1204 1071 1246 1109 Ρ.
1263 1072 1326 1110 45.
1346 1069 1371 1118 Ι.
1388 1072 1425 1109 9.
1444 1069 1487 1118 ΙΙ.
1505 1071 1545 1109 S.
1567 1071 1693 1109 Vnde
1714 1082 1844 1109 verus
1864 1071 1987 1109 locus
2010 1073 2054 1116 Θ

409 1128 444 1165 4.
462 1128 505 1164 P.
522 1128 558 1165 5.
578 1125 603 1173 Ι.
622 1126 674 1163 12.
693 1124 705 1173 Ι
711 1124 736 1173 Ι.
756 1131 816 1174 m).
841 1126 935 1163 Iam
956 1136 1057 1163 cum
1080 1127 1260 1162 invento
1281 1125 1378 1163 1060
1403 1126 1446 1169 Θ
1470 1125 1673 1172 ingressus
1693 1123 1891 1163 tabulam
1911 1135 2057 1172 aequa·
2098 1138 2126 1164 ιε

409 1182 540 1218 tionis
560 1181 767 1226 temporis
787 1179 1079 1226 posteriorem,
1100 1180 1280 1216 invenio
1301 1179 1336 1216 7.
1361 1176 1386 1225 Ι.
1408 1178 1471 1216 36.
1493 1176 1536 1225 ΙΙ.
1558 1178 1762 1216 addenda
1781 1179 1968 1225 tempori
1985 1189 2058 1226 ap-

409 1235 590 1281 parenti,
608 1238 653 1270 ut
665 1232 739 1270 fiat
752 1238 990 1279 aequatum.
1008 1232 1109 1269 Hoc
1121 1232 1271 1269 itidem
1283 1231 1546 1279 colliguntur
1556 1231 1687 1279 medij
1701 1236 1848 1269 motus
1859 1231 1898 1276 D,
1915 1237 2058 1269 erunt·

410 1299 493 1334 que
511 1286 755 1334 Longitudo
775 1286 804 1330 D
821 1297 847 1323 a
867 1288 910 1330 Θ
929 1286 965 1323 9.
983 1285 1023 1323 S.
1040 1285 1103 1323 25.
1121 1285 1163 1323 P.
1182 1285 1234 1323 13.
1254 1283 1279 1332 Ι.
1297 1285 1351 1323 13.
1370 1283 1413 1332 ΙΙ.
1431 1284 1672 1322 Anomalia
1691 1285 1720 1329 D
1737 1285 1764 1322 1.
1778 1283 1818 1323 S.
1832 1285 1885 1323 15.
1898 1284 1941 1322 P.
1953 1284 2016 1323 37.
2030 1282 2055 1332 Ι.

409 1340 470 1378 29.
495 1338 537 1387 ΙΙ.
560 1339 711 1377 Motus
733 1339 993 1377 Latitudinis
1014 1339 1049 1377 9.
1068 1338 1107 1376 S.
1125 1339 1161 1376 Ο.
1179 1338 1221 1376 P.
1238 1339 1301 1376 57.
1321 1336 1346 1386 Ι.
1364 1338 1426 1376 20.
1446 1336 1489 1385 ΙΙ.
1512 1338 1623 1375 Mox
1645 1349 1746 1376 cum
1764 1337 2005 1376 Anomalia
2027 1338 2056 1383 D

410 1405 431 1431 e
448 1393 596 1431 tabula
608 1392 1049 1440 Prosthaphaerefium
1061 1404 1247 1439 excerpo
1260 1391 1653 1438 Prosthaphaerefin
1665 1391 1969 1439 Epicyclicam.
1985 1391 2057 1429 ad·
2094 1404 2126 1430 2⁰

409 1446 544 1484 hibita
567 1458 643 1493 per
666 1452 833 1493 partem
857 1445 1236 1493 Proportionalem
1259 1443 1526 1483 correctione
1549 1444 1585 1482 3.
1610 1444 1652 1482 P.
1676 1444 1739 1482 29.
1765 1442 1790 1491 Ι.
1813 1444 1866 1482 16.
1890 1442 1934 1492 ΙΙ.
1955 1443 1995 1483 S.
2020 1443 2058 1482 &

410 1500 744 1547 Elongationem
765 1511 791 1537 a
813 1499 977 1537 Centro
1001 1499 1152 1541 102217‚
1182 1510 1317 1546 quarn
1345 1497 1656 1545 aliquantisper
1681 1497 1863 1536 reservo.
1893 1499 1937 1542 Θ
1965 1497 2057 1535 fim-

409 1553 565 1600 plicem
581 1553 696 1590 addo
713 1552 994 1600 Longitudini
1013 1553 1042 1597 D
1059 1564 1085 1590 a
1105 1554 1164 1596 Θ,
1182 1552 1219 1590 8(
1236 1552 1431 1600 produco
1448 1551 1787 1599 Longitudinem
1807 1551 1836 1596 D
1852 1551 1907 1589 ab
1923 1552 2057 1598 aequi-

408 1605 553 1644 noc'tio
573 1618 710 1643 verno
730 1606 766 1643 3.
789 1606 829 1644 S.
852 1607 878 1643 1.
901 1606 943 1643 P.
962 1606 998 1643 3.
1018 1604 1043 1653 Ι.
1061 1605 1123 1643 34.
1143 1604 1154 1653 Ι
1161 1604 1172 1653 Ι
1179 1636 1185 1643 .
1208 1617 1234 1643 a
1255 1617 1344 1652 qua
1364 1604 1748 1652 Prosthaphaerefis
1767 1605 1796 1649 D
1814 1604 2058 1653 Epicyclica

408 1659 631 1702 subtracta.
648 1659 853 1706 relinquit
870 1671 969 1697 eam
986 1664 1263 1706 coaequatam
1279 1659 1314 1696 2.
1328 1658 1368 1697 S.
1385 1659 1448 1696 27.
1462 1658 1504 1696 P.
1522 1658 1584 1696 34.
1604 1656 1629 1705 Ι.
1647 1658 1700 1696 18.
1720 1656 1762 1705 ΙΙ.
1780 1657 1850 1695 Ab
1866 1657 1950 1696 hac
1965 1657 2056 1696 sub·
2093 1670 2124 1695 25

408 1713 604 1751 trahatur
620 1724 749 1750 verus
765 1712 888 1750 locus
908 1714 967 1756 Θ,
985 1712 1022 1750 8(
1039 1718 1236 1750 remanet
1253 1712 1467 1750 Distantia
1479 1712 1787 1750 Luminarium
1802 1722 1938 1759 prope
1954 1721 2057 1749 vera

408 1767 443 1804 9.
462 1766 500 1804 S.
519 1766 580 1803 23.
599 1766 640 1803 P.
658 1766 721 1804 29.
741 1764 766 1813 Ι.
783 1766 819 1804 6.
839 1764 881 1813 ΙΙ.
904 1766 1017 1804 Haec
1034 1766 1226 1813 duplata,
1248 1765 1320 1803 dat
1336 1766 1371 1803 7.
1390 1765 1429 1804 S.
1448 1765 1500 1803 16.
1519 1765 1561 1802 Ρ.
1579 1765 1641 1803 58.
1661 1763 1686 1812 Ι.
1704 1765 1757 1802 12.
1777 1763 1820 1812 ΙΙ.
1842 1764 1960 1803 Cum
1974 1763 2056 1802 hac

409 1819 552 1857 rursus
579 1831 600 1857 e
626 1819 784 1857 tabulis
814 1821 1119 1866 aequationum
1145 1819 1390 1857 Lunarium
1418 1830 1525 1856 eruo
1551 1819 1925 1856 Eccentricitatem
1953 1817 2056 1856 3987

409 1879 518 1919 part:
538 1872 574 1910 8(
592 1875 881 1910 variationem
899 1873 1049 1911 Centri
1062 1872 1240 1920 Epicicli
1256 1872 1318 1910 29.
1333 1871 1358 1919 Ι.
1372 1872 1434 1910 36.
1449 1870 1492 1919 ΙΙ.
1506 1871 1623 1910 Subt.
1642 1871 1759 1910 Cum
1775 1882 1880 1909 vero
1896 1870 2056 1919 duplex

409 1926 605 1963 distantia
618 1926 924 1964 Luminarium
941 1928 1083 1974 major
1100 1926 1144 1963 sit
1161 1925 1442 1967 semicirculo.
1461 1925 1658 1963 Excessus
1674 1924 1801 1973 supra
1817 1924 2056 1962 semicircu·
2091 1935 2124 1962 ³0

409 1979 500 2016 lum
523 1979 726 2017 bifariam
749 1979 979 2021 dividatur,
1003 1979 1040 2017 8(
1064 1980 1206 2026 prodit
1229 1979 1291 2017 23.
1317 1979 1358 2016 P.
1383 1979 1445 2017 29.
1470 1977 1495 2025 Ι.
1519 1979 1555 2016 6.
1580 1977 1622 2025 ΙΙ.
1647 1978 1835 2026 angulus
1858 1977 2056 2016 secundae

410 2034 670 2079 aequationis
687 2032 991 2071 subducendus
1008 2033 1272 2070 Anomaliae.
1293 2031 1676 2080 Prosthaphaerefis
1692 2043 1797 2069 vero
1814 2030 2056 2080 Epicyclica

410 2084 620 2123 subtracta
637 2086 888 2124 Anomaliae
910 2087 1080 2129 mediae,
1103 2086 1308 2133 relinquit
1327 2097 1426 2124 eam
1443 2087 1585 2133 primo
1602 2091 1824 2132 aequatam
1841 2086 1868 2122 1.
1885 2084 1926 2123 S.
1943 2084 1996 2122 12.
2013 2083 2055 2122 P.

409 2139 445 2176 8.
460 2137 484 2184 Ι.
499 2139 550 2176 13.
567 2138 608 2185 ΙΙ.
627 2139 713 2177 Cui
730 2140 876 2177 denuo
893 2137 1131 2177 subtractus
1147 2139 1335 2187 angulus
1352 2139 1552 2177 secundae
1570 2140 1833 2186 aequationis
1849 2138 1983 2176 modo
1994 2139 2056 2175 in-

410 2198 577 2233 ventus.
595 2192 798 2239 relinquit
816 2193 1102 2230 Anomaliam
1120 2192 1308 2230 secundo
1325 2198 1547 2239 aequatam
1565 2192 1617 2230 18.
1636 2192 1678 2229 P.
1695 2192 1758 2230 39.
1773 2190 1798 2238 Ι.
1811 2192 1847 2230 7.
1862 2189 1905 2238 ΙΙ.
1923 2190 2055 2229 Cum·
2091 2201 2122 2228 33

411 2257 495 2291 quc
520 2245 613 2282 haec
638 2245 906 2283 semicirculo
930 2248 1074 2283 minor
1098 2245 1154 2287 sit.
1179 2245 1268 2292 ipsa
1288 2246 1426 2284 statim
1448 2246 1712 2287 dimidiatur.
1735 2244 1772 2282 &
1793 2246 2055 2292 proveniunt

410 2299 445 2334 9.
465 2298 505 2334 P.
525 2299 576 2335 l9.
596 2297 620 2344 Ι.
638 2299 700 2336 34.
721 2297 762 2345 ΙΙ.
786 2299 935 2346 Hujus
957 2299 1160 2346 Tangeris
1182 2299 1356 2336 1642242
1377 2299 1431 2336 est
1453 2301 1681 2336 inventum
1702 2300 1889 2336 tertium.
1911 2296 2056 2336 Postea

412 2351 745 2398 Elongationem
762 2364 787 2389 a
805 2352 981 2393 Centro.
1005 2364 1138 2399 quam
1160 2354 1279 2399 prius
1302 2352 1528 2394 reservavi.
1547 2352 1583 2389 8(
1602 2352 1974 2389 Eccentricitatem
1994 2352 2055 2388 in-

411 2406 549 2441 vicem
567 2405 692 2445 addo.
711 2405 747 2442 &
766 2405 945 2442 summae
963 2405 1131 2442 semissis
1143 2405 1264 2443 53102
1278 2405 1323 2443 fit
1335 2407 1564 2443 inventum
1576 2407 1785 2453 primum:
1803 2404 1858 2443 ab
1869 2403 1953 2442 hoc
1964 2403 2055 2442 sub·

410 2457 536 2494 traho
563 2458 946 2500 Eccentricitatem,
974 2458 1010 2495 &
1037 2465 1232 2496 remanet
1259 2460 1371 2496 94115
1398 2459 1630 2496 Inventum
1656 2458 1913 2496 secundum:
1939 2455 2055 2505 quod
2090 2465 2122 2493 ω

411 2511 652 2557 multiplico
678 2513 722 2548 in
748 2509 1066 2561 Tangen·sstem.
1098 2514 1325 2550 inventum
1352 2512 1549 2549 videlicet
1575 2510 2055 2603 tertiumhgbsegssliufflg.
2072 2511 2139 2547 02⁴
