2164 3246
25 817 57 843 10

25 1085 55 1110 15

21 1298 56 1378 84

23 2198 57 2225 3⁵

389 220 1049 260 PROGYMNASMATUM
1070 223 1274 262 PRIMA
1296 226 1446 264 PARS
1688 228 1745 265 101

95 334 189 367 tum
203 329 346 375 primi,
362 327 682 375 periodumque
699 339 834 366 vnam
850 330 895 366 in
912 328 952 366 13
970 328 1150 371 Diebus,
1168 330 1212 368 18
1226 331 1283 368 H.
1301 331 1363 370 39.
1383 331 1407 379 l.
1427 333 1479 370 17.
1499 332 1541 379 ll.
1555 333 1666 371 &30.
1684 332 1744 380 ΙΙΙ.

95 380 279 419 conficit.
301 380 440 424 Vnde,
462 392 563 418 cum
580 380 795 419 Centrum
816 383 911 429 ejus
931 381 1059 419 fuerit
1079 384 1225 421 medio
1247 384 1343 422 loco
1365 387 1475 423 inter
1497 386 1538 424 G
1557 386 1594 424 8(
1611 387 1640 429 1,
1663 386 1746 424 hoc

95 434 162 479 est,
178 445 314 482 prope
327 434 373 472 H
384 433 455 472 vel
466 433 520 478 O,
535 439 639 472 tunc
656 434 783 472 Luna
799 434 889 481 ipsa
904 437 1116 482 reperitur
1132 438 1177 474 in
1194 437 1257 481 M,
1275 440 1320 475 in
1336 441 1531 477 maxima
1543 451 1569 477 a
1582 439 1745 478 Centro

95 487 285 537 Epicycli
305 489 434 536 primi
450 487 752 535 Elongatione.
774 487 953 531 Verum,
975 500 1075 526 cum
1096 501 1173 536 per
1189 490 1450 538 multiplices
1467 492 1503 529 8(
1521 499 1746 531 accuratas

94 540 421 580 obseruationes
433 542 598 588 experti
610 540 753 585 fimus,
767 540 848 579 hos
861 541 1045 579 circulos
1058 543 1262 581 omnibus
1275 548 1541 593 apparentijs
1551 558 1630 583 nec
1640 546 1745 584 dum

93 594 349 639 satisfacere,
365 594 577 642 fiquidem
593 595 639 632 in
656 592 914 633 OCtantibus
935 594 1019 632 five
1036 596 1191 644 medijs
1208 596 1313 634 locis
1330 600 1440 635 inter
1457 600 1746 645 quadraturas

93 648 132 688 8(
146 647 352 697 syzygias,
377 650 412 691 0‘
437 647 475 686 8(
494 645 553 697 00,
571 659 673 686 cum
690 647 949 686 Luminaria
964 648 1220 696 sesquifigno
1237 652 1348 688 inter
1364 651 1403 688 se
1421 651 1584 694 distant,
1603 653 1745 691 adhuc

92 701 372 749 inaequalitas
388 701 608 749 quaedam,
630 700 669 739 &
689 700 936 739 differentia
951 701 1051 739 satis
1067 703 1357 750 perceptibilis
1373 704 1455 741 sese
1473 707 1650 752 ingerat,
1674 718 1745 743 ne-

93 755 248 794 cessum
258 754 500 799 videbatur,
512 754 658 793 adhuc
670 754 808 793 alium
820 766 1008 802 parvum
1021 755 1256 800 circellum,
1269 768 1345 804 per
1357 769 1488 804 quem
1501 758 1596 796 haec
1606 761 1745 797 varia-

91 810 152 848 tio
172 808 410 853 excusetur,
433 808 736 856 superaddere,
760 810 805 846 in
827 819 916 856 quo
938 807 1153 846 Centrum
1174 809 1365 857 Epicycli
1388 812 1568 859 majoris
1589 824 1680 849 non
1701 815 1745 850 in

93 861 471 906 circumferentia,
483 861 554 900 sed
565 873 643 910 per
655 861 936 900 Diametrum
945 861 1265 907 Transversam‚
1278 869 1401 901 motu
1414 865 1607 911 quodam
1619 865 1745 903 libra-

91 917 234 960 tionis,
256 915 457 954 circulari
472 920 634 960 tamen,
656 920 703 953 ut
719 915 829 954 alias
846 915 964 962 apud
982 915 1280 963 Copernicum
1296 916 1390 955 fieri
1407 917 1522 959 solet,
1544 918 1745 966 analogo,

91 969 194 1008 hinc
216 969 318 1008 inde
340 968 611 1014 transfertur,
636 968 830 1007 efficiens
854 968 1248 1016 Prosthaphaerefin
1273 971 1510 1017 quandam,
1533 983 1558 1009 a
1583 975 1617 1014 0²
1642 971 1679 1009 8(
1699 970 1743 1021 00

92 1023 401 1062 Luminarium
425 1022 560 1071 usque
586 1023 642 1061 ad
668 1022 975 1069 Quadraturas
1004 1022 1171 1070 semper
1198 1023 1460 1067 addendam,
1487 1024 1524 1062 8(
1550 1025 1693 1063 rursus
1719 1038 1745 1063 a

92 1076 397 1124 Quadraturis,
418 1076 474 1115 ad
499 1079 534 1120 ό
552 1076 623 1115 vel
642 1073 687 1126 00
710 1075 1052 1114 subtrahendam
1069 1088 1095 1114 a
1111 1077 1257 1115 media
1278 1077 1567 1125 Longitudine
1591 1079 1618 1123 J)
1639 1090 1664 1116 a
1685 1081 1743 1123 Θ,

91 1135 139 1169 ut
148 1141 279 1168 verus
294 1129 418 1168 locus
432 1129 584 1169 Centri
600 1129 792 1178 Epicycli
807 1130 1001 1177 prodeat.
1020 1130 1172 1168 Motus
1189 1136 1337 1168 autern
1354 1130 1486 1179 hujus
1502 1131 1744 1170 librationis

91 1183 254 1232 duplici
263 1183 474 1222 distantiae
483 1195 601 1222 verae
615 1185 658 1228 Ε)
672 1183 711 1221 8(
725 1184 754 1228 ))
767 1183 1173 1221 commensurabilis
1184 1184 1250 1227 est,
1263 1187 1593 1232 maximamque
1604 1187 1743 1223 varia-

91 1239 258 1276 tionem
272 1237 336 1276 40.
350 1235 376 1285 Ι.
388 1237 451 1276 30.
467 1235 510 1285 ΙΙ.
528 1239 574 1275 in
589 1239 733 1285 primo
746 1236 784 1275 8(
795 1238 921 1275 tertio
934 1248 960 1275 a
980 1240 1014 1280 0²
1034 1236 1204 1275 oetante
1217 1237 1481 1276 addendam:
1499 1240 1544 1276 in
1556 1238 1744 1277 secundo

91 1302 197 1330 vero
217 1290 256 1329 8(
276 1296 434 1339 quarto
455 1289 626 1330 odlante
646 1290 989 1329 subtrahendam
1009 1296 1220 1338 procreat,
1242 1291 1361 1329 ficuti
1378 1303 1430 1329 ex
1447 1291 1744 1339 Prosthaphae-

91 1343 249 1383 refium
262 1343 415 1383 tabula
429 1344 528 1383 satis
543 1344 691 1393 liquet.
708 1345 855 1392 Atque
872 1344 969 1382 haec
985 1344 1040 1382 est
1051 1350 1254 1383 motuum
1267 1345 1512 1383 Lunarium
1524 1345 1745 1384 circularis

91 1409 145 1437 ex
166 1397 265 1446 ipfis
287 1400 557 1447 apparentijs
580 1397 851 1446 deprehensa
874 1397 1140 1445 compositio,
1167 1410 1267 1445 quae
1293 1404 1441 1436 tamen
1464 1400 1583 1436 varie
1607 1404 1743 1437 trans-

90 1451 272 1490 formari
287 1451 432 1500 potest,
454 1453 526 1496 ita,
547 1458 594 1490 ut
610 1463 766 1490 omnes
782 1451 845 1490 illi
862 1451 1034 1495 circelli,
1056 1452 1125 1489 vel
1141 1451 1280 1499 supra,
1298 1454 1424 1500 juxta
1440 1451 1744 1490 circumferen-

90 1507 198 1544 tiam
209 1505 375 1544 Orbitae
387 1505 588 1551 Lunaris‚
600 1505 671 1544 vel
683 1505 797 1544 infra
804 1507 931 1554 juxta
943 1504 1169 1549 Centrum,
1182 1505 1251 1543 vel
1263 1507 1422 1553 partim
1433 1505 1573 1553 supra,
1586 1508 1744 1553 partim

91 1558 217 1604 infra,
233 1558 353 1607 quod
369 1558 576 1597 ultimum
591 1558 664 1597 hic
680 1559 893 1607 eligimus,
911 1558 1206 1606 disponantur.
1225 1559 1533 1606 Proportiones
1545 1571 1649 1597 vero
1667 1559 1743 1596 ho-

91 1623 190 1651 rum
201 1612 376 1651 orbium
387 1614 499 1651 inter
509 1612 550 1651 se
562 1612 616 1651 fic
627 1612 804 1657 habent,
817 1618 875 1657 ut,
889 1612 1089 1660 qualium
1098 1611 1226 1650 fuerit
1237 1612 1398 1650 Radius
1409 1612 1645 1650 Eccentrici
1655 1613 1743 1654 AF.

91 1665 252 1710 100000,
267 1666 424 1704 talium
435 1666 518 1705 FG
531 1668 610 1705 erit
625 1666 742 1710 5800,
761 1666 862 1705 GM
879 1666 995 1710 2900,
1013 1665 1050 1703 8(
1068 1666 1150 1703 ΒΑ
1167 1666 1273 1704 2174.
1297 1666 1501 1713 Denique
1519 1665 1676 1703 circelli
1689 1666 1744 1704 ad

92 1719 124 1758 F
138 1718 522 1765 semidiametrum‚
539 1732 632 1759 non
648 1719 703 1758 est
717 1720 878 1758 necesse
890 1719 1015 1758 aliter
1027 1720 1226 1763 dimetiri,
1244 1731 1378 1767 quarn
1391 1731 1495 1757 arcu
1507 1719 1568 1757 40.
1584 1717 1609 1766 l.
1622 1719 1683 1757 30.
1700 1718 1729 1766 (l
1736 1750 1742 1756 .

92 1784 225 1821 quem
239 1772 466 1818 subtendit,
483 1785 585 1812 curn
600 1773 848 1812 differentia
863 1775 909 1811 in
925 1778 1046 1811 tanta
1063 1773 1253 1811 exilitate
1270 1772 1315 1810 fit
1331 1772 1594 1810 insenfibilis.

145 1826 210 1865 Ex
225 1826 309 1866 hac
324 1833 538 1866 annotata
555 1827 743 1866 Orbium
759 1826 1028 1865 dimensione
1048 1826 1235 1874 angulus
1256 1828 1410 1874 primae
1431 1826 1742 1873 inaequalitatis

91 1882 326 1926 maximus,
342 1882 419 1928 qui
433 1880 481 1919 fit
496 1883 542 1919 in
558 1881 814 1929 Novilunijs
831 1880 869 1918 8(
885 1880 1152 1928 plenilunijs,
1171 1880 1314 1918 evadit
1331 1880 1365 1917 4.
1384 1880 1426 1917 P.
1444 1879 1506 1917 58.
1526 1878 1550 1926 l.
1569 1891 1668 1916 curn
1685 1879 1742 1916 se-

91 1934 218 1978 misse,
238 1933 536 1973 insensibiliter
556 1934 764 1973 deficiens
783 1946 810 1972 a
828 1934 1110 1977 Ptolemaico;
1132 1935 1352 1971 maximus
1374 1938 1521 1970 autem
1543 1934 1743 1970 omnium

91 1989 138 2025 in
157 1986 450 2035 Quadraturis
471 1989 507 2027 7.
529 1988 572 2026 P.
594 1988 657 2027 28.
681 1986 706 2036 l.
729 1988 848 2036 quod
870 1987 1098 2025 Ptolomaei
1119 1987 1385 2029 assumtione,
1410 1997 1544 2033 quarn
1569 1988 1743 2023 retinuit

91 2045 182 2079 tam
196 2040 463 2090 Alphonsus,
481 2053 617 2090 quam
634 2042 920 2089 Copernicus,
938 2042 1092 2088 quinta
1107 2040 1266 2088 gradus
1282 2046 1402 2087 parte
1420 2041 1566 2077 minus
1583 2039 1649 2077 est.

155 2132 248 2178 DE
269 2132 646 2188 AEQVATION
654 2133 693 2177 E
713 2131 1426 2241 ΤΕΕΒζῘῙξΙΞΙΙὲΙΙΞΞΗΗΕΞΡΕΕΤν
1449 2130 1686 2175 MOTVS

14 2259 35 2292 0
43 2258 66 2292 6
178 2253 537 2293 XPERIENTIA
546 2254 805 2293 multimode
816 2254 1011 2293 adhibita
1023 2253 1207 2295 testatur,
1221 2253 1360 2291 Lunae
1370 2255 1586 2290 motiones
1597 2263 1743 2299 aequa—

196 2307 259 2346 les
274 2320 367 2347 non
382 2308 686 2357 obtemperare
703 2308 846 2346 eidem
863 2309 1105 2355 aequationi
1122 2307 1292 2345 dierum
1308 2306 1590 2347 naturalium,
1610 2317 1744 2352 quam

96 2362 140 2406 Ε)
162 2363 287 2410 parit,
308 2361 386 2400 nifi
407 2368 626 2410 quatenus
647 2362 701 2400 ab
723 2363 818 2410 ejus
834 2373 939 2399 vero
960 2367 1097 2404 motu,
1119 2363 1163 2398 in
1185 2372 1273 2407 quo
1295 2361 1336 2398 id
1353 2360 1609 2397 discriminis
1626 2358 1743 2405 quasi

93 2414 355 2460 absorbetur,
377 2416 634 2464 dependeat.
655 2415 806 2453 Aliam
827 2417 974 2462 itaque
996 2416 1213 2452 rationem
1231 2413 1480 2451 &tabulam
1502 2424 1580 2459 pro
1597 2423 1743 2458 aequa-

24 2473 58 2500 ⁴⁰
93 2469 212 2507 tione
231 2467 475 2517 Temporis,
497 2480 587 2516 quo
608 2469 663 2507 ad
685 2469 860 2506 Lunam
881 2469 1204 2509 adinvenimus,
1229 2478 1328 2514 quae
1351 2478 1403 2504 ex
1427 2465 1744 2504 ascensionibus

36 2526 57 2559 ’e
93 2519 217 2560 tediis
232 2522 450 2570 graduum
467 2522 676 2570 eclipticae
694 2520 888 2560 extrudta
904 2521 956 2559 fic
973 2521 1012 2558 se
1030 2520 1172 2558 habet.

1636 2570 1743 2607 Vsus
