2243 3225
385 210 464 247 206
763 204 1217 244 ASTRONOMIAE
1238 201 1660 241 INSTAURATAE

923 311 1035 348 VIII.
1065 309 1330 358 Triangulus
1346 307 1490 346 LAD.

437 377 569 413 Latus
586 375 667 412 LA
714 378 820 421 part.
833 374 895 411 76.
911 372 936 420 l.
948 373 1021 412 59:¹1*
1043 372 1431 419 Complementum
1449 369 1571 407 Decl.
1588 371 1742 417 primae
1759 370 1858 408 Alae
1875 370 2030 418 Pegasi.

438 429 569 466 Latus
585 427 675 465 AD
714 432 821 473 part.
834 426 896 464 68.
911 424 936 473 l.
958 426 1022 465 3132-
1044 425 1433 472 Complementum
1449 422 1664 461 Declinat.
1682 423 1860 461 Lucidae
1878 429 1938 463 V.

438 482 569 519 Latus
586 480 669 518 DL
714 484 820 526 part.
834 479 895 516 43.
911 478 936 526 l.
949 479 1016 518 373
1043 478 1256 516 Distantia
1271 479 1426 525 primae
1443 476 1542 514 Alae
1558 475 1703 524 Pegafi
1719 488 1746 514 a
1761 476 1927 515 Lucida
1944 483 2004 516 V.

384 534 542 582 Angul.
561 533 691 571 LAD
714 538 821 580 part.
833 533 896 569 44.
911 531 936 579 l.
949 532 1000 570 58
1044 530 1373 578 Diss.vtriusque
1383 529 1802 577 AEquat.prim.Alae
1815 529 2031 570 &Luc.V.
2070 542 2086 567 5

438 605 716 652 Quapropter
736 603 765 640 fi
785 615 903 640 nunc
919 607 963 640 vt
979 608 1109 640 antea
1130 601 1211 639 has
1228 600 1324 639 octo
1340 600 1609 639 differentias
1625 600 1954 639 Ascenfionales
1969 602 2033 639 in-

384 660 526 696 uicem
543 658 916 700 coniunxerimus,
937 655 1098 703 patebit
1114 666 1206 693 non
1221 656 1369 692 minus
1385 666 1521 701 quam
1536 659 1680 698 antea,
1702 665 1724 691 e
1744 653 1915 692 summa
1930 659 2032 698 tota,

383 713 536 758 integri
554 710 717 749 Circuli
733 709 963 747 Ambitum
983 708 1081 747 satis
1103 707 1309 755 exquisite
1330 707 1672 755 compraehendi,
1694 712 1737 745 vt
1758 719 1876 745 nunc
1895 707 2034 746 oculis

384 760 648 813 mb¹³c¹³m'”
683 815 1017 854 COLLECTIO
1039 814 1436 853 ANGULORUM
1458 813 1732 852 OMNIUM.
1783 831 1810 856 P.
1886 831 1927 856 M.
1997 831 2024 857 s.
2058 815 2122 846 20³

652 878 817 916 Lucida
835 884 881 917 V
1343 876 1614 914 Aldeboram
1770 875 1820 914 37
1903 875 1927 914 3
1992 877 2033 915 15

419 958 558 1049 ἓξὲξ
651 931 937 1076 ΞΙΙῙὲιΞΞῖἑΞΒΗ
955 983 1109 1031 Capite
1130 986 1164 1027 Π
1345 929 1621 1074 ξξέἱξὲἓὲ
1640 931 1675 972 Π
1769 930 1821 1074 {g
1876 929 1927 1074 ἐξ
1982 929 2034 1074 ΞΞ

400 1065 574 1156 sssss‘jfi}
651 1039 858 1139 Srljircaenss2
1233 1063 1288 1101 ³⁶¹
1344 1047 1535 1127 132¹?ss
1552 1047 1713 1128 ἐιᾏὲιζῗιε
1769 1089 1820 1127 42
1885 1089 1927 1128 19
1982 1089 2034 1128 20
2074 1100 2105 1125 ιε

1343 1143 1539 1181 Vulturis
1556 1142 1658 1180 Luc.
1769 1143 1820 1181 54
1875 1142 1927 1181 26
1991 1143 2033 1181 21

1342 1196 1471 1234 Prim.
1489 1196 1588 1234 Alae
1604 1196 1700 1244 Peg.
1769 1196 1820 1234 48
1875 1196 1926 1235 25
2008 1196 2034 1235 0

1342 1250 1556 1305 Lucidam
1574 1255 1620 1304 Υ
1671 1304 1674 1305 ⁷
1769 1250 1820 1287 44
1875 1249 1927 1288 58
2008 1249 2034 1287 Ο

1418 1303 1714 1369 Αςςιεςᾲωιῇ
1742 1320 1820 1359 359
1875 1321 1927 1359 59
1982 1321 2033 1360 56

435 1402 585 1449 Quare
598 1414 698 1440 cum
710 1414 763 1441 ex
775 1402 935 1441 harum
947 1401 1185 1440 summaria
1196 1401 1520 1450 compofitione‚
1535 1403 1700 1449 integer
1712 1401 1928 1446 Circulus,
1942 1407 2032 1440 tam
2071 1410 2104 1436 20

382 1462 479 1503 apte
497 1456 804 1501 conformetur,
826 1455 1127 1494 deficientibus
1148 1455 1424 1493 solummodo
1440 1455 1577 1493 tribus
1594 1455 1805 1502 scrupulis
1821 1454 2031 1499 secundis,

381 1508 492 1546 nihil
517 1509 690 1557 prorsus
715 1509 903 1557 scrupuli
928 1509 1238 1557 ingerentibus,
1265 1508 1303 1546 &
1327 1508 1411 1547 hac
1435 1510 1560 1547 tertia
1583 1510 1930 1553 ratiocinatione,
1956 1520 2032 1556 per

382 1561 562 1600 odtonas
583 1563 737 1601 Stellas
760 1562 1095 1610 comprobatum
1119 1562 1185 1605 est,
1210 1574 1363 1600 earum
1387 1562 1719 1600 Declinationes
1740 1561 1778 1600 &
1799 1561 2031 1606 distantias,

382 1621 512 1662 atque
529 1615 631 1654 hinc
648 1614 849 1654 collectas
866 1615 1195 1653 Ascenfionales
1211 1615 1479 1653 differentias
1496 1615 1751 1653 omnimode
1767 1614 1808 1653 se
1824 1613 1937 1653 rec'te
1955 1615 2031 1654 ha—

382 1668 495 1712 bere,
519 1669 718 1717 nihilque
739 1669 808 1707 vel
829 1671 874 1707 in
896 1669 1205 1712 Instrumentis,
1227 1669 1296 1707 vel
1318 1668 1647 1707 Obseruationis
1667 1667 1935 1713 tractatione,
1957 1674 2032 1707 aut
2070 1678 2103 1703 25

383 1725 515 1760 etiam
532 1723 703 1761 Calculi
718 1722 1013 1765 subductione,
1033 1722 1166 1760 latere
1183 1722 1315 1770 dubij.
1338 1722 1423 1760 His
1439 1724 1586 1769 itaque
1603 1722 1758 1770 triplici
1775 1722 2031 1770 comproba-

382 1777 499 1813 tione
517 1778 678 1823 optime
691 1776 927 1814 constitutis
939 1775 1276 1823 acquiescemus.
1294 1775 1411 1813 Licet
1424 1778 1542 1813 enim
1553 1776 1754 1823 plurimis
1766 1775 1864 1823 alijs
1876 1775 2030 1819 Stellis,

382 1831 592 1877 variaque
609 1830 782 1877 insuper
799 1832 968 1868 ratione
985 1830 1027 1867 id
1044 1829 1183 1876 ipsum
1200 1830 1462 1871 attentarim,
1480 1840 1548 1866 res
1564 1834 1713 1867 tamen
1726 1828 1894 1877 semper
1906 1829 2032 1877 redijt

382 1882 549 1920 eodem.
573 1883 622 1920 Et
644 1885 857 1930 quoniam
878 1885 1008 1921 nimis
1030 1883 1211 1930 longum
1230 1882 1339 1920 foret
1355 1882 1615 1930 copiosiores
1631 1882 1714 1921 hac
1731 1884 1776 1920 in
1792 1888 1914 1930 parte
1930 1894 2031 1920 con·

382 1935 661 1974 fiderationes
682 1936 753 1974 hic
774 1937 1007 1979 recensere,
1031 1936 1115 1974 istis
1136 1938 1340 1979 contenti,
1364 1948 1482 1974 nunc
1503 1936 1558 1974 ad
1580 1936 1668 1974 alia
1688 1935 1757 1974 his
1777 1935 2031 1983 superindu-
2070 1945 2104 1970 ³0

382 1989 532 2032 cenda.
549 1990 822 2028 accedamus.

409 2077 487 2115 DE
509 2078 1032 2117 LONGITUDINIBUS
1054 2078 1091 2116 &
1114 2078 1577 2117 LATITUDINIBUS
1598 2077 1764 2117 PRIUS
1784 2077 2005 2117 ASSUM·

465 2139 677 2178 TARUM
699 2141 1068 2183 STELLARUM,
1091 2140 1168 2178 EX
1189 2140 1664 2179 ASCENSIONIBUS
1686 2139 1888 2179 RECTIS
1909 2139 1947 2178 &

534 2202 1087 2241 DECLINATIONIBUS
1109 2203 1467 2245 EARUNDEM.
1490 2202 1882 2241 DEMONSTRA-

922 2265 1060 2303 TIUE
1083 2265 1487 2311 INQUIRENDIS.
2070 2275 2103 2300 35

476 2334 724 2372 UONIAM
743 2338 786 2372 in
804 2337 1035 2383 praemissis.
1056 2335 1313 2374 differentiae
1331 2336 1660 2374 Ascenfionales
1676 2336 1845 2383 aliquot
1860 2333 2030 2374 selec'ta·

492 2399 589 2425 rum
606 2388 852 2430 Stellarum.
874 2395 1013 2426 totum
1032 2389 1147 2427 Coeli
1165 2390 1393 2427 Ambitum
1411 2390 1742 2432 includentium.
1763 2389 1862 2428 satis
1883 2387 2030 2428 exacte

382 2440 619 2478 constitutae
643 2441 749 2483 sunt,
774 2442 810 2478 &
835 2442 1011 2479 Lucidae
1036 2442 1160 2489 super
1182 2443 1326 2489 Caput
1351 2449 1395 2481 V
1420 2443 1620 2481 Ascenfio
1645 2441 1774 2481 Recla
1797 2442 2031 2490 quindenis

382 2494 825 2541 peruestigationibus.
851 2502 980 2532 antea
1008 2495 1212 2542 exquisite
1239 2498 1421 2533 inuenta
1447 2497 1819 2544 comprobataque
1845 2495 2031 2587 {sslkfinoln

1951 2560 1988 2586 ci
2008 2560 2031 2587 e

651 1145 749 1182 Bor.
760 1143 881 1182 sinist.
892 1155 1053 1181 manus
1063 1143 1178 1191 Oph.

650 1197 815 1235 Lucida
831 1197 1028 1235 Vulturis

649 1251 795 1289 Prima
810 1250 909 1289 Alae
926 1250 1071 1298 Pegasi
