2164 3246
404 236 1063 277 PROGYMNASMATUM
1085 237 1392 279 SECUNDA
1413 240 1564 281 PARS
1736 245 1813 284 409

79 354 144 387 456
166 346 318 394 scripta
337 344 617 393 Figuratione
637 344 694 382 ad
714 344 760 382 H
782 345 929 393 polita,
951 343 966 397 ΙΙ
986 346 1214 394 Angulum
1235 347 1375 386 KHA
1399 348 1538 388 effecit
1561 349 1586 397 l.
1608 350 1670 389 25.
1694 349 1736 398 ll.
1759 351 1812 390 18.

114 573 130 599 5

98 839 129 866 10

98 1106 128 1133 15

165 400 223 438 At
242 399 313 437 hic
333 400 379 436 in
399 398 549 436 Dania
568 400 691 436 iuxta
707 398 724 436 I
740 399 969 447 Angulum
988 400 1099 438 ΚΙΑ
1118 399 1142 447 l.
1160 401 1196 438 6.
1215 400 1258 448 ll.
1276 402 1338 445 43,
1360 405 1418 440 vti
1440 402 1602 441 dictum
1623 404 1689 442 est.
1712 405 1812 444 Pro·

166 454 286 492 uenit
305 454 452 500 itaque
473 450 720 490 differentia
740 452 1039 491 Parallaxium
1060 456 1105 491 in
1127 453 1328 501 supremo
1349 455 1427 493 [itu
1446 456 1660 496 Valentiae
1682 465 1812 506 atque

166 506 236 545 hic
255 504 281 554 Ι.
298 505 374 550 181,
394 507 441 543 in
461 510 633 543 tantum
653 505 786 544 Stella
806 506 893 545 illic
914 509 959 545 in
980 507 1233 545 Meridiano
1253 508 1381 556 supra
1402 509 1569 553 Polum,
1591 511 1693 549 huic
1714 512 1812 559 plus

165 560 520 608 appropinquare
529 558 619 597 visa
629 558 775 603 fuisset,
788 571 923 607 quam
935 560 1018 604 hic,
1031 560 1060 598 fi
1073 561 1211 599 Lunae
1224 573 1424 601 conuexa
1437 563 1666 609 obsedisset;
1681 565 1812 612 Quod

164 619 312 652 tamen
326 612 580 651 nullatenus
597 615 867 660 experientia
884 613 1142 652 ostendebat.

217 666 436 714 Quamuis
452 668 571 704 enim
587 677 665 714 per
679 666 946 705 Altitudines
963 673 1093 715 atque
1110 668 1328 707 distantias
1345 671 1371 707 a
1388 669 1493 707 Polo
1511 670 1810 717 Munofianas‚

164 720 208 759 id
221 731 314 758 non
327 719 426 758 satis
441 719 688 767 scrupulose
705 722 908 759 euincere
925 721 1062 763 liceat.
1081 733 1132 759 eo
1150 722 1267 769 quod
1284 724 1319 760 is
1335 725 1466 761 nimis
1480 724 1568 762 lato
1582 726 1714 763 modo
1732 726 1811 764 has

164 775 346 812 rimatus
365 772 424 817 fit,
444 772 557 811 adeo
577 779 621 811 vt
642 773 695 811 de
716 773 833 812 sexta
853 774 1012 822 gradus
1032 781 1153 822 parte
1170 775 1238 813 vel
1260 778 1436 821 circiter,
1459 789 1549 815 non
1571 779 1811 816 admodum

164 826 357 866 curiosus
378 826 594 871 videatur;
621 838 675 865 ex
698 827 896 866 distantia
918 834 1067 866 tamen
1089 840 1116 866 a
1139 828 1318 867 Schedir
1342 829 1590 878 Cassiopeae,
1617 843 1752 878 quam
1775 835 1810 870 is

163 880 313 920 saltem
327 880 510 918 dimidio
525 879 728 928 scrupulo
745 882 772 918 a
787 881 930 919 nostra
946 881 1230 925 differentem,
1251 885 1382 921 etiam
1398 885 1443 921 in
1460 884 1698 922 sublimiori
1716 886 1809 923 Me-

164 934 321 973 ridiani
345 933 424 972 fitu
449 933 698 972 Obseruauit
723 934 766 972 P.
788 935 824 973 7.
850 933 875 982 l.
897 935 949 973 50
973 934 1233 973 sufficienter
1258 936 1404 983 liquet,
1430 937 1669 976 insensibile
1695 938 1809 977 fuisse

164 987 391 1027 discrimen
410 989 668 1026 remotionis
689 987 834 1026 Stellae
856 1000 882 1026 a
903 988 1008 1026 Polo
1030 988 1100 1026 hic
1121 995 1251 1036 atque
1273 989 1374 1027 illic:
1398 990 1622 1038 Siquidem
1641 1003 1693 1029 ea
1710 1004 1809 1030 cum

163 1040 247 1080 hac
260 1040 350 1090 ipsa
365 1040 546 1080 Schedir
556 1041 873 1085 Meridianum,
891 1054 1025 1089 quam
1041 1045 1239 1090 proxime
1256 1045 1401 1091 attigit.
1419 1043 1512 1081 Imo
1530 1056 1582 1082 ex
1599 1056 1687 1092 quo
1704 1045 1810 1083 Fixa

163 1093 259 1134 haec
273 1100 376 1133 tunc
391 1094 521 1133 altior
535 1094 676 1139 fuerit,
697 1095 899 1133 debuisset
916 1095 1050 1133 Noua
1067 1095 1281 1134 Valentiae
1298 1098 1344 1134 in
1361 1097 1576 1144 Hispania
1592 1097 1808 1145 spectanti,

164 1148 335 1197 longius
350 1147 406 1187 ab
422 1159 475 1187 ea
490 1150 724 1193 remoueri,
745 1160 880 1196 quam
896 1149 980 1193 hic,
1002 1151 1125 1187 cuius
1141 1156 1289 1187 tamen
1306 1153 1573 1188 contrarium
1594 1152 1759 1195 accidit,
1780 1152 1809 1189 fi

165 1201 553 1242 Obseruationibus
560 1202 752 1250 Munofij
761 1204 876 1240 intra
883 1203 1114 1240 dimidium
1120 1205 1340 1241 minutum
1348 1203 1596 1242 adhibenda
1604 1207 1682 1242 erit
1689 1204 1807 1243 fides.

216 1255 354 1294 Haud
362 1255 488 1294 aliter
496 1255 630 1294 Stella
639 1256 695 1294 ad
705 1256 998 1294 Horizontem
1008 1259 1389 1304 appropinquante
1398 1257 1611 1295 Valentiae
1621 1270 1756 1305 prope
1764 1258 1808 1302 F,

163 1311 210 1348 in
217 1308 460 1348 Altitudine
471 1309 514 1347 P.
527 1310 595 1354 lli,
607 1315 651 1347 vt
661 1310 779 1348 idem
791 1312 1022 1348 annotauit
1035 1309 1277 1353 Munofius‚
1290 1310 1422 1348 fuisset
1435 1311 1656 1349 diuersitas
1669 1312 1808 1359 aspec—

162 1367 231 1402 tus
249 1373 327 1411 per
341 1362 571 1412 Angulum
586 1363 709 1401 KFA
729 1363 1037 1411 repraesentata
1058 1363 1099 1401 P.
1118 1364 1143 1400 1.
1164 1362 1188 1411 Ι.
1205 1365 1242 1401 4.
1262 1362 1304 1411 ll.
1322 1364 1383 1402 47.
1406 1365 1462 1402 At
1483 1367 1527 1401 in
1549 1364 1691 1402 nostro
1712 1365 1808 1403 loco

162 1418 284 1455 iuxta
295 1415 350 1461 G,
367 1416 525 1455 euadet
536 1416 740 1465 Angulus
752 1416 1008 1455 diuerfitatis
1020 1416 1162 1460 KGA‚
1179 1419 1238 1454 vti
1255 1419 1384 1455 antea
1400 1418 1631 1465 aliquoties
1647 1416 1808 1456 dicium

162 1475 269 1518 part.
285 1469 322 1508 Ο.
340 1467 366 1518 Ι.
378 1469 441 1509 58.
460 1468 504 1518 ll.
517 1470 571 1508 31.
589 1469 655 1508 Est
671 1472 819 1518 itaque
836 1469 1083 1508 differentia
1098 1470 1395 1508 Parallaxium
1411 1473 1456 1508 in
1472 1471 1547 1508 illo
1564 1471 1808 1509 Horizonte

162 1528 293 1572 atque
303 1523 459 1568 nostro,
471 1525 594 1562 iuxta
605 1526 799 1562 citimam
811 1523 956 1562 Stellae
967 1524 1195 1571 vtrobique
1207 1524 1496 1562 Altitudinem
1509 1527 1808 1562 euenientium

76 1582 139 1615 457
164 1574 190 1626 Ι.
205 1576 253 1618 6†
266 1578 478 1625 proxime.
500 1577 616 1625 Quae
636 1577 734 1616 licet
752 1589 844 1616 non
860 1577 971 1616 adeo
988 1574 1185 1627 ma-llgna
1200 1583 1331 1624 atque
1348 1579 1393 1615 in
1409 1577 1646 1615 sublimiori
1663 1577 1807 1616 Stellae

93 1642 127 1668 2⁵

161 1635 252 1670 tam
270 1629 343 1670 hic
362 1642 499 1679 quam
518 1630 606 1669 illic
626 1631 782 1679 pofitu;
803 1637 951 1669 tamen
973 1642 1073 1669 cum
1089 1631 1305 1669 decimam
1322 1633 1449 1669 vnius
1466 1632 1623 1678 gradus
1640 1638 1807 1679 partem

162 1685 352 1733 attingat,
368 1683 565 1723 adhibita
580 1685 791 1723 mediocri
802 1685 1024 1733 diligentia
1036 1684 1074 1721 &
1087 1684 1295 1731 exquisito
1308 1684 1593 1722 Instrumento
1608 1684 1705 1722 satis
1718 1692 1807 1722 erat

161 1737 462 1786 perceptibilis,
479 1737 518 1776 &
533 1738 794 1777 tantundem
806 1738 988 1776 Nouam
1000 1737 1179 1776 Stellam
1192 1738 1406 1776 Valentiae
1422 1738 1477 1775 ad
1490 1738 1668 1776 Schedir
1681 1738 1806 1776 Cassi-

161 1801 286 1840 opeae
305 1793 352 1830 in
370 1793 565 1830 maxime
581 1792 740 1830 decliui
758 1791 836 1830 fitu
857 1792 954 1839 plus
971 1802 1105 1838 quam
1122 1790 1192 1829 hic
1209 1791 1481 1838 applicuisset.
1503 1792 1560 1828 At
1577 1791 1807 1828 Munofius

161 1843 247 1884 illic
266 1845 455 1884 eandem
475 1857 611 1893 quam
626 1847 673 1883 in
688 1845 891 1893 suprema
906 1844 1149 1882 Altitudine
1167 1844 1412 1882 Obseruauit
1429 1856 1455 1882 a
1471 1842 1583 1882 dic‘ta
1599 1844 1730 1882 Stella
1747 1845 1806 1881 di-

160 1897 359 1937 stantiam
378 1904 486 1947 part.
503 1899 539 1938 7.
559 1897 584 1947 Ι.
601 1899 665 1944 50,
689 1899 823 1937 veluti
845 1898 883 1936 &
903 1910 996 1941 nos,
1019 1900 1132 1936 intra
1153 1898 1382 1936 dimidium
1403 1897 1668 1945 scrupulum:
1690 1904 1733 1935 vt
1752 1909 1806 1935 ne

160 1950 214 1991 fic
233 1952 412 2000 quidem
431 1958 522 1991 tam
543 1955 795 2001 propinqua
809 1952 954 1990 Terris
971 1951 1098 1989 fuerit
1115 1951 1210 1989 haec
1228 1951 1362 1989 Noua
1379 1951 1522 1994 Stella,
1545 1953 1650 1998 quin
1668 1951 1806 1988 Lunae

161 2004 300 2045 Orbes
314 2005 636 2045 transcenderit.

212 2059 549 2098 Aduertendum
572 2059 610 2098 &
630 2059 702 2098 hic
723 2059 841 2107 quod
858 2058 1073 2096 Valentiae
1095 2060 1139 2095 in
1162 2057 1387 2105 Hispania,
1412 2057 1543 2096 Stella
1567 2057 1700 2095 Noua
1724 2057 1805 2095 hac

159 2113 493 2152 ratiocinatione
513 2113 612 2161 plus
633 2118 915 2151 remoueatur
932 2124 958 2150 a
974 2111 1153 2150 Schedir
1170 2111 1420 2158 Cassiopeae,
1443 2123 1576 2158 quam
1598 2113 1643 2148 in
1664 2111 1806 2148 nostro

160 2164 489 2205 obseruationis
500 2167 611 2211 loco,
624 2169 738 2205 circa
748 2166 997 2214 supremam
1009 2165 1298 2202 Altitudinem
1312 2163 1401 2211 l.18.
1417 2163 1427 2211 l
1434 2163 1459 2211 l.
1472 2164 1534 2206 35.
1548 2176 1647 2202 cum
1660 2170 1806 2202 tamen

159 2220 205 2257 in
224 2219 451 2258 decliuiori
472 2219 551 2258 fitu
568 2219 594 2268 Ι.
611 2220 670 2263 62,
692 2220 834 2258 eidem
855 2219 952 2267 plus
974 2218 1059 2256 illic
1081 2220 1215 2265 quarn
1236 2218 1306 2256 hic
1327 2220 1504 2265 propior
1525 2217 1663 2260 fuerit.
1686 2219 1743 2255 ita
1765 2224 1806 2254 vt

159 2271 387 2312 discrimen
402 2273 449 2312 fit
463 2285 577 2322 pene
594 2273 657 2312 M.
674 2273 738 2317 25,
760 2285 848 2320 quo
867 2272 1064 2310 distantia
1082 2271 1228 2309 Nouae
1246 2274 1291 2309 in
1308 2271 1522 2318 Hispania
1539 2271 1663 2308 aliter
1679 2270 1718 2308 se
1736 2282 1805 2308 ex-

159 2324 364 2372 hibuisset,
380 2332 565 2375 Vtroque
581 2327 715 2365 modo
732 2326 1012 2367 confiderata,
1035 2337 1169 2372 quam
1186 2324 1257 2362 hic
1273 2327 1318 2362 in
1335 2325 1494 2362 Dania.
1517 2325 1573 2361 At
1590 2335 1689 2361 cum
1707 2323 1805 2361 Mu-

159 2378 305 2418 nofius
324 2380 396 2425 ibi,
418 2380 456 2418 &
477 2392 557 2429 ego
578 2380 651 2419 hic
672 2381 860 2419 eandem
876 2379 1035 2426 vbique
1054 2378 1199 2416 Nouae
1221 2378 1258 2416 &
1280 2376 1404 2416 <1161ae
1421 2378 1567 2416 Stellae
1589 2379 1804 2414 inueneri-

159 2443 258 2471 mus
266 2432 524 2478 distantiam,
537 2436 649 2472 itavt
658 2433 944 2481 discrepantia
954 2432 999 2469 fit
1009 2432 1157 2469 saltem
1169 2432 1333 2479 dimidij
1349 2433 1517 2472 minuti.
1531 2442 1630 2477 quae
1644 2430 1805 2467 nullius

160 2484 216 2524 est
234 2489 463 2531 momenti;
488 2487 782 2535 Consequitur
803 2486 982 2525 Stellam
1007 2485 1120 2523 hanc
1143 2485 1430 2522 insensibilem
1454 2484 1641 2522 habuisse
1663 2483 1804 2520 Paral-

159 2537 293 2585 laxin,
312 2539 502 2589 ideoque
523 2542 809 2588 nequaquam
829 2546 919 2578 tam
940 2550 1075 2587 prope
1097 2538 1222 2576 nobis
1243 2538 1480 2579 admotam,
1502 2545 1631 2583 atque
1653 2536 1706 2572 est
1724 2536 1804 2595 Lu-

266 2600 300 2626 52
1688 2600 1804 2625 narlS
