2248 3298
447 247 1106 287 PROGYMNASMATUM
1128 249 1332 288 PRIMA
1353 250 1504 289 PARS
1754 253 1803 291 37

152 355 343 394 fimiliter
358 355 529 402 reliqua
544 353 827 401 AEquinodtia
843 355 1121 399 Ptolemaica,
1139 368 1240 394 cum
1257 357 1407 395 nostris
1424 359 1578 396 eadem
1594 359 1803 398 methodo

153 409 324 452 collata,
341 410 679 456 quamproxime
695 407 958 452 attestantur,
976 409 1088 447 adeo
1104 416 1148 447 vt
1164 411 1218 448 ab
1235 410 1324 458 ipso
1341 411 1564 458 hucusque
1581 415 1653 450 vix
1670 413 1767 460 plus
1789 416 1799 453 =¹.·

151 462 366 510 scrupulo,
383 464 442 499 cis
458 461 529 499 vel
544 461 668 505 vltra,
684 466 746 499 tot
762 464 890 499 annis
907 469 1052 500 motus
1069 462 1247 510 fimplex
1264 464 1376 502 Solis
1393 464 1583 512 respec‘lu
1596 466 1803 504 Fixarum

152 516 276 555 aliter
296 515 337 553 se
357 515 520 553 habere
537 515 666 562 possit‚
689 515 808 562 quod
824 517 897 552 vix
914 515 969 552 est
985 517 1274 563 perceptibile.
1298 517 1538 565 Selegimus
1555 526 1703 557 autem
1720 520 1803 557 hoc

100 579 116 604 ⁵
152 571 296 618 potius
312 566 657 616 AEquinotftium,
680 570 894 615 quoniam
915 569 1061 606 medio
1082 570 1216 607 modo
1237 570 1276 608 se
1298 570 1428 608 habet
1449 574 1494 608 in
1515 572 1656 610 nostra
1678 573 1802 621 Prag-

151 624 287 661 matia
307 620 500 670 respectu
520 621 794 669 reliquorum
815 622 1017 665 duorum,
1040 634 1140 669 quae
1157 623 1211 661 ab
1228 623 1318 670 ipso
1335 624 1563 662 obseruata
1584 625 1690 667 sunt.
1713 628 1803 664 Au-

151 675 348 715 tumnale
359 675 570 718 videlicet,
588 675 707 722 quod
719 674 988 723 confignauit
999 687 1118 713 anno
1132 675 1288 714 Christi
1300 677 1380 719 139.
1399 677 1660 725 Septembris
1673 679 1741 717 die
1753 680 1804 717 26

95 738 115 769 †
153 729 211 768 H.
224 729 248 768 7
259 741 287 767 a
297 729 444 767 media
460 727 585 767 nocte
602 728 899 771 antecedente,
917 735 957 766 et
968 740 1155 767 vernum
1167 741 1287 767 anno
1300 730 1380 771 140.
1398 730 1545 778 Martij
1562 731 1615 769 D.
1629 732 1690 769 22.
1705 733 1762 769 H.
1777 734 1802 770 1.

152 782 249 821 ΡΜ.
266 782 565 826 Alexandriae,
581 782 713 829 idque
727 781 757 819 fi
771 784 877 820 anni
889 781 1020 830 ipsius
1031 782 1276 831 AEgyptiaci
1288 784 1342 821 ab
1354 784 1610 822 Alexandro
1624 785 1803 833 Magno,

77 843 120 875 44
152 836 403 885 redigantur
418 835 474 874 ad
491 832 505 886 ΙΙ
522 847 664 874 annos
680 847 708 874 a
724 835 894 874 Christo
912 842 1016 874 nato
1034 836 1241 879 Iulianos,
1259 843 1301 874 vt
1319 837 1501 875 dubium
1521 850 1611 875 non
1632 838 1689 881 fit,
1711 839 1803 877 fim-

151 889 310 938 plicem
330 888 442 928 Solis
462 895 635 927 motum
655 889 877 933 diurnum,
901 888 1094 937 respectu
1114 889 1365 928 Asfixarum
1387 890 1633 934 Stellarum.
1658 892 1803 930 secun-

151 943 258 982 dum
274 942 614 982 Obseruationes
629 942 919 981 Ptolemaicas
937 941 1178 981 selectiores
1200 955 1300 981 cum
1321 944 1472 982 nostris
1494 945 1685 987 collatas.
1707 945 1804 983 satis

151 995 263 1036 redte
279 996 557 1035 constitutum
573 996 662 1034 esse.
684 996 830 1034 Prodit
845 1008 951 1034 vero
970 996 1073 1034 hinc
1088 997 1205 1035 idem
1221 998 1393 1035 medius
1410 997 1522 1036 Solis
1538 1000 1583 1036 in
1600 1010 1719 1037 anno
1736 999 1802 1037 Iu-

151 1050 272 1089 liano
283 1052 522 1094 communi,
535 1050 618 1098 Sig.
631 1050 675 1088 11.
689 1050 732 1088 P.
744 1050 808 1088 29.
823 1048 848 1097 s.
861 1050 924 1088 44.
939 1048 981 1098 ll.
995 1050 1058 1088 49.
1073 1049 1134 1098 [ll.
1147 1051 1210 1089 40.
1225 1049 1802 1099 llll.42.v.53.vs.38.vll.30;

84 1112 115 1138 15
150 1103 282 1152 idque
295 1103 530 1152 Copernici
547 1103 767 1142 calculum
784 1105 917 1142 etiam
932 1106 1055 1142 iuxta
1067 1104 1301 1142 Reinholdi
1317 1105 1624 1143 limitationem
1641 1117 1804 1144 correc-

150 1162 244 1196 tum
260 1157 427 1196 excedit
441 1157 577 1205 paulo
593 1157 692 1205 plus
708 1157 891 1195 dimidio
907 1157 1109 1205 scrupulo
1130 1157 1332 1201 secundo.
1355 1159 1472 1205 quod
1494 1158 1594 1197 fane
1616 1161 1804 1197 nimium

150 1210 206 1250 est
221 1213 267 1249 in
282 1212 412 1249 vnica
427 1210 722 1249 reuolutione:
744 1222 851 1249 nam
872 1211 1054 1249 decursu
1074 1211 1316 1249 multorum
1337 1224 1558 1250 annorum
1580 1224 1700 1250 error
1721 1213 1803 1255 hic.

149 1264 247 1303 licet
268 1264 469 1303 videatur
493 1266 689 1313 exiguus,
715 1264 959 1303 admodum
983 1264 1212 1303 faecundus
1238 1266 1397 1303 euadit.
1425 1265 1555 1312 Quod
1579 1265 1608 1303 fi
1631 1266 1804 1314 insuper

148 1320 279 1357 vnius
303 1318 389 1356 diei
413 1323 585 1356 motum
609 1318 912 1361 adiecerimus‚
943 1318 1131 1366 prodibit
1161 1321 1266 1357 anni
1296 1319 1498 1357 bisextilis
1525 1320 1802 1363 curriculum,

79 1379 113 1405 20
149 1371 232 1420 Sig.
248 1371 285 1410 0.
303 1371 346 1409 P.
362 1371 399 1409 0.
418 1370 444 1419 l.
460 1371 524 1410 43.
544 1370 586 1419 ll.
604 1372 667 1410 57.
686 1370 747 1419 ΙΙΙ.
765 1371 828 1410 52.
848 1370 926 1419 llll.
945 1372 998 1410 10.
1015 1385 1054 1410 v.
1072 1372 1108 1410 8.
1125 1371 1182 1420 vs.
1200 1373 1235 1410 5.
1253 1371 1327 1420 vll.
1345 1373 1407 1410 24.
1430 1374 1576 1419 Atque
1598 1373 1700 1410 hinc
1720 1373 1802 1411 Ta-

147 1425 265 1464 bulae
280 1425 530 1463 mediorum
545 1431 750 1463 motuum
766 1424 879 1464 Solis
895 1424 1087 1473 respectu
1105 1425 1287 1464 Odtauae
1305 1426 1500 1473 Sphaerae
1518 1426 1661 1474 colligi
1677 1426 1802 1465 facile

148 1481 352 1527 poterint;
370 1478 599 1526 multaque
616 1478 890 1526 reliquorum
906 1479 1190 1517 Planetarum
1207 1480 1455 1517 circuitibus
1471 1481 1712 1523 necessaria,
1732 1492 1801 1518 ex-

147 1534 245 1571 trui.
261 1532 479 1571 Praeterea
489 1532 520 1570 fi
531 1532 650 1570 hunc
661 1538 833 1570 motum
845 1532 958 1571 Solis
970 1533 1180 1571 diurnum
1191 1535 1251 1571 ita
1262 1539 1482 1581 repertum
1497 1545 1572 1581 per
1586 1535 1802 1581 integrum

149 1585 389 1630 Circulum,
411 1586 454 1624 P.
471 1586 562 1630 360,
583 1585 872 1629 diuiserimus,
894 1586 1081 1634 prodibit
1098 1586 1329 1625 correctior
1345 1586 1383 1624 &
1400 1587 1674 1625 Ptolemaicis
1695 1587 1801 1634 pofi·

78 1646 111 1672 2⁵
147 1639 340 1678 tionibus
354 1641 494 1688 magis
509 1640 844 1678 accommodata
860 1642 967 1678 anni
984 1640 1149 1678 Siderei
1167 1643 1398 1688 quantitas,
1415 1646 1459 1677 vt
1475 1640 1676 1687 [equitur.

148 1717 328 1749 VERIOR
348 1718 375 1749 E
395 1717 610 1756 PROPRIJS
636 1718 1102 1750 OBSERUATIONIBUS
1129 1718 1238 1750 CUM
1265 1718 1594 1750 PTOLEMAICIS
1620 1718 1802 1750 COLLA-

485 1770 637 1803 TIONE
658 1771 826 1807 FACTA,
848 1772 973 1803 ANNI
996 1772 1185 1803 SIDEREI
1208 1771 1467 1803 DIMENSIO.

656 1830 692 1856 D.
818 1830 856 1856 H.
973 1852 977 1856 .
1122 1851 1126 1855 .
1300 1851 1304 1855 .

631 1871 709 1910 365
820 1872 844 1910 6
953 1873 977 1910 9
1087 1872 1138 1910 26
1247 1872 1315 1911 431}

76 1966 110 1993 3⁰
200 1959 287 1998 Hic
307 1965 457 1999 autem
473 1961 633 1999 Annus
653 1963 713 2000 ita
734 1961 973 2005 ordinatus,
996 1961 1138 1999 deficit
1157 1973 1183 1999 a
1202 1961 1436 2009 Copernici
1457 1962 1713 1998 inuentione
1735 1960 1797 1998 su-

146 2015 293 2061 perius
308 2014 500 2053 indicata
518 2012 561 2062 ll.
574 2014 628 2053 13.
647 2013 708 2062 ΙΙΙ.
722 2015 799 2057 16ὲ,
815 2014 988 2063 superat
1004 2027 1109 2053 vero
1125 2014 1435 2053 Thebitianam
1452 2015 1796 2054 annotationem.

148 2065 191 2115 ΙΙ.
208 2067 262 2105 14.
281 2065 293 2115 Ι
299 2066 312 2115 Ι
317 2066 342 2115 Ι.
359 2067 445 2112 43ὲ,
466 2070 527 2106 ita
546 2074 590 2106 vt
610 2067 699 2106 fere
720 2068 767 2106 fit
787 2068 930 2107 nostra
950 2068 1193 2106 constitutio
1214 2070 1383 2115 vtrique
1405 2068 1649 2105 assumtioni
1670 2069 1797 2104 inter-

145 2120 304 2165 media,
329 2123 511 2169 propius
533 2127 682 2160 tamen
705 2122 1033 2170 aliquantulum
1056 2122 1112 2160 ad
1136 2122 1370 2170 Copernici
1394 2121 1551 2169 placita
1575 2121 1797 2158 accedens.

145 2174 292 2222 Atque
312 2174 410 2213 haec
430 2175 610 2223 quidem
631 2177 786 2214 certior
802 2175 858 2214 est
873 2178 979 2214 anni
997 2175 1203 2214 Sideralis
1224 2175 1492 2223 magnitudo.
1515 2186 1540 2212 a
1561 2174 1798 2211 Ptolemaeo

76 2233 110 2260 3⁵
146 2227 202 2266 ad
224 2239 306 2266 nos
328 2227 413 2266 hoc
435 2229 569 2267 modo
593 2228 794 2268 deducta:
819 2241 920 2277 quae
944 2231 1077 2267 etiam
1100 2229 1154 2267 ab
1177 2229 1509 2276 Albategnianis
1534 2230 1578 2265 in
1602 2227 1701 2266 Sole
1726 2227 1763 2264 &
1784 2224 1798 2276 ΙΙ

72 2285 113 2318 45
146 2279 288 2319 Stelh's
304 2281 636 2321 aduerfionibus
652 2294 744 2320 non
760 2283 1003 2321 admodum
1019 2282 1241 2330 discrepat.
1259 2282 1287 2319 fi
1304 2280 1415 2320 recle
1429 2281 1466 2319 &
1478 2281 1680 2329 singulari
1693 2292 1797 2328 qua-

145 2333 249 2373 dam
264 2337 434 2373 ratione
451 2336 655 2383 requifita
670 2336 956 2384 applicentur.

198 2387 365 2426 Verum
380 2390 486 2436 quia
501 2401 620 2427 nunc
631 2389 923 2428 vniuersalem
935 2389 1082 2428 cursus
1095 2389 1259 2428 Solaris
1271 2389 1580 2427 restitutionem
1594 2388 1798 2426 omnibus

145 2441 346 2480 aetatibus
362 2449 683 2490 competentem
695 2455 787 2481 non
798 2443 1007 2481 molimur
1021 2444 1140 2489 (eum
1153 2445 1271 2481 enim
1283 2443 1479 2480 laborem
1491 2442 1622 2488 vsque
1635 2443 1679 2478 in
1692 2443 1796 2478 inte-

76 2500 110 2527 ⁴0
145 2505 271 2542 grum
286 2495 610 2534 instaurationis
626 2496 942 2535 Astronomicae
961 2497 1085 2544 Opus
1102 2496 1415 2534 reseruandum
1432 2495 1553 2540 duxi)
1576 2495 1644 2532 sed
1666 2494 1796 2532 talem

145 2547 433 2591 solummodo.
451 2561 552 2597 quae
569 2549 682 2588 hisce
699 2552 911 2598 proximis
927 2550 1091 2592 seculis,
1110 2552 1223 2587 intra
1239 2549 1316 2587 300
1332 2549 1401 2586 vel
1418 2549 1495 2586 400
1511 2548 1708 2586 videlicet
1721 2559 1795 2584 an-

1717 2612 1795 2637 nos
