2243 3225
389 212 464 249 374
762 205 1214 245 ASTRONOMIAE
1235 202 1657 242 INSTAURATAE

441 317 558 354 Nam
575 327 673 362 quae
688 316 800 352 circa
812 313 1045 351 Stellarum
1057 312 1305 350 cadentium
1322 310 1398 356 (vti
1409 308 1584 355 vocant)
1601 308 1718 347 faces
1728 309 1940 353 videmus,
1958 309 2030 347 etfi

388 370 440 407 ab
458 371 579 406 initio
592 369 761 405 Lumen
778 366 1000 413 quoddam
1012 375 1217 403 verarum
1229 363 1463 401 Stellarum
1478 362 1693 400 aemulum
1707 373 1799 409 prae
1815 362 1855 400 se
1871 361 2028 400 ferant:

388 430 533 460 tamen
558 421 694 458 subito
718 422 762 457 in
785 419 967 456 Terram
990 418 1248 461 decidentes,
1274 415 1459 454 1136111111
1482 415 1705 462 quendam
1728 415 2030 463 oblongiorem

388 475 602 514 exhibent.
624 475 806 510 materia
822 474 866 509 in
884 483 971 519 qua
988 471 1210 513 ardebant,
1233 469 1434 508 deorsum
1449 468 1665 512 tendente,
1688 480 1789 516 quae
1811 471 1943 507 etiam
1958 480 2030 507 ex-

385 526 516 565 1111610
530 527 727 569 Lumine,
744 525 963 563 multoties
979 526 1202 571 reperitur,
1219 528 1262 560 vt
1274 522 1348 560 ista
1361 522 1398 559 &
1410 522 1564 560 similia
1575 521 1778 560 Meteora
1789 521 1900 560 nihil
1910 533 2030 569 pror-

386 581 453 618 sus
470 580 555 617 huc
571 579 743 617 faciant.

439 633 506 671 Sic
523 635 654 670 etiam
666 632 808 675 Stella,
827 642 926 678 quae
939 630 1083 678 Magis
1100 631 1314 677 apparuit.
1332 628 1404 666 etfi
1421 640 1512 666 non
1523 628 1651 676 longe
1664 640 1691 666 a
1700 628 1847 666 Terris
1858 630 1904 666 in
1915 629 2031 666 Aere

387 698 460 724 eos
472 686 732 733 praecesserit‚
745 684 1006 731 reliquisque
1017 683 1133 721 Coeli
1143 682 1403 720 Luminibus
1414 681 1567 729 procul
1579 681 1712 719 dubio
1724 693 1816 720 non
1827 681 2031 720 abfimilis

386 739 528 781 fuerit:
545 745 692 777 tamen
704 738 818 776 hanc
830 737 1049 784 peculiare
1062 736 1286 783 quoddam
1297 735 1398 773 DEI
1409 735 1525 773 suisse
1539 734 1777 778 Ostentum,
1790 734 1935 783 Magis
1946 735 2031 773 illis

386 792 587 840 singulari
603 794 739 839 gratia
755 790 1008 833 exhibitum,
1026 801 1170 836 neque
1187 791 1298 826 inter
1313 788 1534 827 naturalia
1544 794 1633 826 vtvt
1649 788 1910 827 miraculosa
1925 799 2030 826 enu-

386 845 658 887 merandum,
686 847 775 882 iam
798 850 928 882 antea
951 843 1281 890 disputauimus,
1309 842 1497 889 ideoque
1525 841 1597 879 hic
1617 843 1751 880 etiam
1770 842 1918 880 locum
1940 853 2032 880 non

387 900 592 936 inueniet.

440 952 584 989 Multo
600 953 746 988 minus
763 951 853 988 Fax
869 950 956 993 illa,
979 961 1079 997 quae
1095 951 1262 997 integro
1278 949 1414 987 Anno
1430 948 1558 996 supra
1574 947 1906 997 Hierosolymas
1921 950 2031 997 peri-

387 1012 517 1045 turas.
538 1004 665 1042 instar
685 1004 812 1052 gladij
837 1003 1029 1047 constitit,
1051 1014 1151 1050 quae
1170 1002 1260 1050 ipsa
1275 1002 1418 1040 forma
1433 1013 1642 1050 magnam
1658 1013 1685 1040 a
1700 1001 1842 1040 Stellis
1858 1001 2032 1040 (11116111-

387 1064 519 1096 1316111
535 1057 815 1104 exprimebat.

441 1111 561 1157 Quin
586 1111 624 1149 8(
649 1122 792 1158 neque
816 1110 1103 1148 Cometarum
1125 1109 1213 1153 vlli,
1238 1109 1314 1147 tali
1339 1107 1512 1157 aspec'tu
1537 1108 1635 1157 ipsis
1658 1108 1800 1147 Stellis
1822 1108 2033 1147 consimili

387 1166 582 1211 vnquam
603 1163 894 1202 animaduerfi
915 1163 1021 1201 sunt.
1044 1163 1161 1201 Licet
1178 1164 1296 1200 enim
1314 1162 1351 1200 &
1367 1162 1430 1200 illi
1446 1162 1700 1201 nullatenus
1715 1161 1830 1201 infra
1845 1162 2032 1206 Lunam,

387 1224 430 1255 vt
445 1224 534 1255 13111
550 1218 624 1255 (1111
641 1218 766 1255 nobis
778 1217 1164 1264 Peripateticorum
1180 1218 1369 1264 arguties
1384 1222 1516 1264 atque
1528 1215 1764 1263 plausibilis
1776 1214 2034 1254 coniectatio

387 1270 599 1318 imposuit.
616 1270 873 1313 coalescant;
890 1270 960 1308 sed
976 1282 1133 1308 reuera
1148 1271 1194 1307 in
1210 1269 1299 1317 ipso
1316 1269 1496 1308 AEthere
1512 1269 1747 1314 versentur,
1763 1275 1807 1307 vt
1822 1268 2033 1317 sequenti·

387 1325 466 1362 bus
483 1324 653 1362 duobus
671 1324 808 1361 Libris
825 1326 938 1362 circa
954 1335 1041 1368 eos,
1059 1325 1133 1370 qui
1150 1325 1361 1370 proximis
1377 1323 1545 1371 aliquot
1561 1323 1705 1361 Annis
1721 1328 2033 1370 apparuerunt,

388 1378 694 1415 euidentissime
712 1379 1039 1421 conuincemus,
1057 1377 1263 1415 omnibus
1279 1388 1379 1424 quae
1396 1379 1441 1414 in
1458 1378 1727 1415 contrarium
1743 1376 1901 1414 adduci
1916 1381 2034 1424 pote-

388 1433 469 1468 rint
490 1430 661 1468 semotis
682 1431 925 1469 obstaculis:
947 1436 1095 1468 tamen
1117 1442 1217 1468 cum
1237 1429 1283 1467 hi
1302 1430 1377 1478 ipfi
1394 1430 1606 1474 Cometae‚
1623 1435 1713 1468 vtvt
1730 1429 1928 1468 Coelestis
1943 1429 2034 1467 Na·

387 1490 495 1521 turae
517 1486 757 1531 participes,
782 1484 1017 1522 Stellarum
1039 1484 1213 1522 Mundo
1235 1495 1490 1522 coaeuarum
1511 1483 1697 1531 speciem
1716 1494 1808 1521 non
1828 1482 2033 1526 referant:

2072 800 2102 826 10

2073 1067 2103 1093 15

2071 1333 2104 1360 20

388 1537 456 1574 sed
482 1537 707 1579 obtusiore.
734 1534 1104 1587 obscurio-liteque
1130 1537 1254 1575 vultu
1279 1536 1522 1579 hebescant.
1548 1537 1736 1584 ideoque
1759 1548 1786 1575 a
1806 1535 2035 1574 Veteribus
2058 1541 2121 1574 400

388 1592 617 1637 nunquam
634 1593 678 1628 in
695 1592 877 1629 occiduo
892 1591 1008 1629 Coeli
1025 1591 1200 1629 cardine
1218 1593 1348 1634 cerni,
1365 1590 1586 1638 prolatum
1602 1591 1679 1628 esse
1695 1601 1899 1638 auguror,
1916 1589 2034 1638 quOd

389 1644 557 1681 Lumen
579 1655 733 1682 eorum
753 1656 844 1682 non
865 1645 977 1682 adeo
998 1644 1211 1692 fulgidum
1233 1643 1270 1681 &
1291 1643 1412 1687 forte,
1434 1650 1476 1682 vt
1497 1644 1769 1691 reliquarum
1787 1643 2034 1687 Stenarum.

389 1697 615 1744 minusque
632 1704 877 1745 penetrans,
895 1710 920 1736 a
936 1698 1174 1745 vaporibus
1190 1699 1303 1736 circa
1315 1698 1608 1735 Horizontem
1622 1697 1920 1745 multiplicatis
1934 1708 2034 1735 con-

389 1750 667 1798 densatisque,
690 1751 858 1789 facilius
875 1753 1011 1799 quam
1027 1754 1072 1788 in
1089 1751 1186 1799 alijs
1203 1751 1425 1789 Sideribus
1441 1751 1653 1794 vsuuenit,
1670 1752 1980 1798 intercipiatur,
1996 1749 2035 1788 ἃ

389 1804 745 1847 adobumbretur;
770 1804 862 1852 Ipsa
884 1816 1060 1852 quoque
1082 1804 1252 1852 Figura,
1274 1816 1362 1852 qua
1383 1804 1582 1843 Cometae
1603 1803 1931 1852 conspiciendos
1950 1803 2035 1842 sese

389 1857 605 1899 exhibent,
619 1869 644 1895 a
657 1860 822 1895 caeteris
832 1858 973 1896 Stellis
985 1864 1077 1896 tum
1090 1860 1221 1896 etiam
1233 1858 1316 1896 hac
1327 1858 1473 1901 Noua.
1486 1858 1676 1896 multum
1687 1857 2035 1895 dissimilitudinis

390 1913 620 1958 ingerente.
646 1911 843 1949 Cometae
868 1914 986 1949 enim
1010 1923 1164 1949 omnes
1186 1911 1343 1950 Crines
1363 1911 1432 1949 vel
1455 1912 1638 1950 barbam
1661 1911 1871 1958 aliquam.
1894 1916 1970 1949 aut
1991 1912 2036 1948 in

389 1964 568 2011 longum
585 1965 835 2006 extendunt.
853 1971 927 2003 aut
945 1967 1224 2003 circumcirca
1241 1964 1505 2008 diffundunt,
1527 1964 1604 2002 nifi
1620 1975 1756 2012 prope
1773 1963 1886 2003 Solis
1902 1975 2036 2012 oppo-

390 2016 511 2054 situm
538 2018 832 2060 obambulent,
864 2019 934 2056 vbi
961 2018 1117 2056 Cauda
1143 2019 1216 2056 illa
1247 2018 1411 2056 sursum
1437 2018 1603 2056 sublata
1628 2018 1683 2056 ab
1708 2019 1868 2056 intuitu
1893 2017 2036 2055 nostro

390 2073 610 2111 auertitur.
635 2078 709 2108 aut
733 2074 863 2109 etiarn
888 2074 931 2109 in
957 2074 1093 2109 nimia
1117 2083 1143 2109 a
1166 2072 1293 2110 nobis
1316 2071 1452 2110 absint
1475 2071 1685 2114 distantia.
1710 2082 1811 2118 quae
1833 2070 2036 2110 Crinium

391 2123 662 2161 subtilitatem
681 2127 989 2172 raritatemque
1007 2123 1194 2172 aspectui
1211 2125 1431 2163 subducat.

444 2176 720 2224 Quapropter
737 2190 835 2215 cum
853 2178 935 2216 hoc
953 2190 1122 2216 nouum
1140 2178 1486 2221 Phaenomenon,
1506 2178 1654 2226 quoad
1671 2178 1793 2216 suam
1810 2183 2036 2216 externam

391 2229 584 2275 speciem,
612 2242 700 2267 non
727 2231 865 2268 solum
892 2234 1041 2269 omnia
1067 2234 1200 2279 ignita
1226 2232 1471 2270 sublunaris
1498 2232 1701 2280 Regionis
1726 2231 1942 2274 Meteora,
1967 2229 2037 2268 sed

391 2282 501 2329 ipsos
519 2285 648 2320 etiam
667 2284 872 2322 Cometas
890 2287 1000 2322 inter
1017 2285 1221 2323 Coelestia
1237 2285 1409 2323 cursum
1427 2292 1689 2326 exercentes.
1710 2284 1833 2323 nulla
1849 2283 2038 2332 expressa

391 2335 665 2373 similitudine
684 2337 1012 2384 repraesentarit:
1031 2338 1114 2376 Sed
1132 2338 1228 2385 ipfis
1245 2341 1446 2386 genuinis
1458 2339 1601 2377 Stellis
1613 2340 1797 2376 omnino
1812 2337 2037 2376 conforme

392 2388 529 2430 suerit.
547 2389 642 2426 satis
660 2390 999 2428 consentaneum
1017 2392 1175 2433 euadit.
1193 2392 1300 2430 illud
1318 2404 1461 2439 neque
1478 2395 1523 2430 in
1536 2393 1651 2430 A‘e're
1666 2392 1945 2434 Elementari.
1961 2395 2037 2429 aut

392 2445 518 2489 igneo
537 2443 761 2481 Elemento
784 2445 932 2489 (modo
950 2445 991 2482 id
1009 2445 1155 2482 locum
1171 2445 1365 2492 aliquem
1384 2445 1497 2484 infra
1514 2445 1694 2484 Coelum
1714 2443 1971 2490 mereretur)
1992 2445 2038 2482 in

391 2507 479 2542 quo
500 2495 635 2534 1136111
657 2498 787 2544 ignita
809 2504 1071 2544 generantur
1089 2498 1306 2540 Memora:
1329 2510 1473 2547 neque
1491 2501 1622 2537 etiam
1639 2501 1752 2537 intra
1767 2497 2038 2536 vassissimam

1922 2549 2037 2589 Coeli

2072 1601 2104 1627 2⁵

2074 2400 2106 2427 ⁴0
