2164 3246
405 207 1063 249 PROGYMNASMATUM
1086 211 1392 253 SECUNDA
1414 215 1564 256 PARS
1730 220 1807 258 429

164 315 409 362 euadatque
429 320 532 353 tunc
552 316 598 352 in
619 314 809 353 Saturno
830 315 1147 356 semidiameter
1165 320 1292 358 Orbis
1313 324 1522 369 praecipui
1543 323 1628 367 FB,
1651 336 1805 363 earun-

107 374 127 406 1
163 370 262 409 dem
272 369 314 407 P.
326 368 416 406 230.
429 367 492 406 M.
505 367 557 406 10.
576 368 626 406 Et
641 368 788 406 semid.
806 372 935 417 primi
952 372 1109 409 circelli
1126 372 1157 410 F
1165 373 1215 416 K,
1233 374 1274 411 Ρ.
1289 375 1341 412 19.
1356 375 1417 413 M.
1431 377 1484 413 41.
1502 376 1689 415 Secundi
1701 390 1805 417 vero

163 423 205 462 P.
216 422 252 461 6.
266 420 292 471 l.
304 421 354 460 34
369 421 658 459 solummodo.
677 421 743 459 Est
759 425 878 460 enim
893 423 1224 464 Semidiameter
1240 430 1367 473 primi
1384 430 1511 476 triplo
1527 433 1669 468 maior
1684 431 1804 469 semi-

162 476 372 516 diametro
388 474 633 523 posterioris
648 486 726 522 per
742 475 1028 524 Hypothefin.
1046 478 1442 520 Verumenimuero
1459 484 1692 531 redigendo
1709 485 1804 523 haec

110 543 127 569 ⁵
162 530 312 568 omnia
321 530 368 566 in
378 527 629 566 mensuram
645 528 1068 568 semidiametrorum
1080 532 1239 576 Terrae,
1257 534 1295 571 &
1311 536 1604 583 principaliter
1620 538 1803 576 insisten-

161 582 218 621 do
227 582 290 620 illi
301 581 729 626 commensurationi,
744 594 879 630 quam
891 586 937 621 in
950 584 1093 632 Opere
1106 598 1120 622 1
1129 586 1435 626 euolutionum
1447 597 1686 634 enumerat,
1704 603 1803 638 quae

161 633 350 675 exactior
365 635 442 673 esse
457 634 640 679 videtur,
662 635 760 673 licet
776 636 814 674 &
831 636 926 674 haec
943 638 1090 682 altera,
1113 639 1164 676 de
1186 652 1273 687 qua
1294 642 1426 679 modo
1443 643 1644 687 diximus,
1666 644 1803 682 insen-

161 688 331 728 fibiliter
355 688 574 731 dissentiat‚
604 691 869 736 prouenient
894 702 946 728 ea
971 703 1071 738 quae
1097 694 1376 738 intendimus,
1402 695 1485 733 hoc
1510 697 1654 734 modo.
1685 698 1802 735 Assu-

160 741 320 782 mendo
342 741 425 780 AB
450 741 596 780 semid.
620 744 825 781 circuitus
848 743 1023 788 SolariS,
1049 745 1134 783 1150
1158 745 1302 785 semid.
1324 747 1484 792 Terrae,
1510 756 1637 796 prout
1662 750 1803 789 nostra

95 808 126 835 ιο
160 795 239 835 fert
252 795 470 834 limitatio:
492 795 582 833 Erit
597 807 716 834 nunc
733 796 808 834 BF
824 797 957 841 10550‚
975 797 1013 835 &
1030 798 1106 836 FK
1122 799 1200 837 900
1216 803 1425 847 proxime,
1448 802 1533 840 ΚΟ
1550 803 1639 840 300.
1662 803 1705 841 Si
1725 806 1801 841 ita—

160 859 244 897 que
268 850 630 887 coniunxerimus
654 849 737 887 AB
764 861 864 887 cum
890 850 974 895 BF,
1001 851 1038 889 &
1064 852 1236 900 insuper
1261 854 1548 893 adiecerimus
1572 856 1649 893 FK
1672 862 1801 904 atque

159 902 258 947 ΚΟ,
275 901 566 941 conflabimus
582 903 905 942 remotissimam
922 905 1251 944 reuolutionum
1264 907 1438 945 Saturni
1450 920 1476 946 a
1487 908 1632 946 Terris
1649 909 1800 948 distan-

158 957 264 995 tiam
285 957 332 994 in
352 955 499 994 semid.
522 955 672 994 Terrae
696 956 829 995 12900.
856 958 1001 1005 Atque
1026 958 1121 996 haec
1145 959 1200 997 est
1222 960 1372 998 vltima
1398 962 1687 1009 intercapedo,
1714 975 1801 1010 qua

159 1008 333 1048 Saturni
355 1008 489 1048 Stella
510 1008 703 1057 respe6m
723 1009 871 1048 Terrae
894 1011 991 1049 suas
1015 1018 1184 1050 exercet
1206 1016 1464 1061 gyrationes.
1489 1015 1630 1062 Ipsum
1654 1021 1801 1054 tamen

92 1074 123 1101 ιε
159 1073 315 1111 corpus
330 1064 424 1100 eius
440 1074 674 1110 nunquam
689 1069 780 1101 tam
796 1064 881 1102 alte
898 1064 1000 1102 hinc
1017 1065 1254 1113 elongatur.
1275 1067 1393 1105 Nam
1409 1067 1543 1115 pofito
1560 1075 1706 1107 centro
1723 1072 1800 1107 mi-

157 1117 276 1155 noris
298 1115 488 1164 Epicycli
510 1118 556 1154 in
579 1116 619 1154 K
642 1117 841 1165 Apogaeo
864 1120 1057 1161 maioris,
1081 1124 1183 1156 tunc
1207 1119 1337 1158 Stella
1361 1121 1535 1159 Saturni
1558 1121 1723 1169 semper
1746 1123 1800 1160 est

158 1170 205 1208 in
220 1168 262 1217 Q
276 1170 398 1208 iuxta
413 1169 658 1218 Perigaeum
673 1170 874 1208 videlicet
890 1171 1048 1209 circelli
1064 1174 1258 1210 minoris.
1281 1173 1470 1221 Ideoque
1488 1176 1522 1212 is
1538 1186 1614 1222 per
1630 1178 1799 1222 quanti-

157 1227 288 1262 tatem
308 1222 525 1261 Diametri
546 1223 738 1261 eiusdem
760 1224 919 1262 circelli
941 1225 1041 1272 OQ,
1063 1237 1163 1272 quae
1185 1226 1239 1263 est
1259 1227 1348 1270 600,
1369 1229 1515 1265 minus
1536 1239 1562 1265 a
1582 1228 1716 1266 Terra
1737 1240 1799 1266 re-

157 1275 416 1321 mouebitur‚
433 1288 569 1324 quam
581 1288 694 1325 apex
706 1277 761 1315 ad
775 1277 813 1316 O
827 1280 967 1326 exigit.
986 1278 1074 1316 Erit
1086 1281 1213 1326 igitur
1226 1279 1438 1327 suprema,
1456 1280 1630 1318 Saturni
1643 1281 1798 1325 Stellae,

157 1340 256 1378 quae
265 1341 462 1378 vnquam
473 1329 568 1368 fieri
579 1330 724 1378 potest,
737 1342 763 1369 a
775 1336 923 1369 centro
931 1331 1128 1369 Vniuerfi
1141 1333 1345 1371 exaltatio
1358 1333 1798 1373 semid.Terrae12300.

156 1383 301 1431 Atque
316 1382 419 1421 hinc
435 1383 490 1422 est
507 1384 625 1431 quod
643 1383 798 1431 Capite
815 1386 1110 1429 antecedente,
1128 1385 1305 1424 Stellam
1323 1387 1501 1424 Nouam
1518 1387 1662 1425 semid.
1680 1388 1801 1426 12300

156 1447 184 1475 a
197 1435 333 1475 Terra
353 1436 603 1485 elongatam
623 1437 1082 1485 praesupposuerimus,
1104 1442 1301 1486 proxime
1322 1442 1442 1478 iuxta
1463 1441 1637 1479 Saturni
1654 1441 1798 1480 Stellae

156 1491 398 1529 maximam
418 1492 711 1529 remotionem
732 1503 831 1529 eam
852 1492 1113 1530 attollentes:
1136 1498 1175 1530 et
1196 1493 1399 1531 nonnihil
1416 1493 1734 1541 Coperniceam
1754 1497 1798 1533 in

155 1542 223 1582 his
233 1543 605 1582 mensurationem
617 1544 812 1583 consulto
824 1551 1044 1593 augentes,
1062 1551 1105 1583 vt
1117 1548 1229 1584 circa
1241 1546 1397 1584 limites
1409 1547 1572 1585 nostros
1586 1547 1798 1595 supremae

87 1607 121 1634 2⁵
156 1598 409 1636 remotionis
426 1597 615 1641 Saturni,
637 1598 771 1637 Stella
787 1598 1004 1636 constitisse
1021 1599 1443 1647 praesupponeretur:
1462 1601 1543 1638 Vbi
1561 1603 1690 1638 etiam
1708 1613 1798 1639 non

155 1652 298 1689 omnis
309 1650 590 1690 Parallaxeos
606 1651 780 1699 prorsus
796 1654 1041 1690 immunem
1058 1655 1322 1695 inuenimus,
1340 1653 1408 1691 sed
1425 1656 1469 1691 in
1486 1660 1605 1692 tanta
1622 1666 1797 1701 quoque

154 1702 424 1749 sublimitate,
450 1704 571 1752 quafi
596 1711 764 1753 quartae
790 1708 923 1753 partis
949 1708 1077 1743 vnius
1104 1706 1267 1744 Minuti
1293 1706 1484 1754 aspectus
1509 1707 1798 1745 diuerfitatem

155 1757 321 1796 admitti
336 1757 618 1797 ostendimus:
641 1759 759 1797 Cum
779 1764 927 1797 tamen
948 1759 1120 1806 prorsus
1141 1760 1310 1797 nullam
1331 1760 1708 1798 instrumentaliter
1725 1761 1796 1798 ob-

154 1809 367 1850 seruando
382 1811 684 1859 persentiscere
701 1812 881 1850 licuerit.
900 1813 946 1850 Id
962 1818 1110 1851 autem
1126 1813 1285 1850 idcirco
1297 1813 1580 1860 praestitimus,
1597 1820 1639 1851 vt
1651 1815 1796 1861 quoad

85 1873 120 1901 ³⁰
155 1865 248 1902 eius
267 1863 362 1903 fieri
381 1865 522 1913 posset,
547 1865 726 1904 Stellam
750 1866 865 1904 hanc
886 1866 996 1904 vltra
1017 1866 1192 1904 Saturni
1216 1869 1406 1904 maxime
1428 1879 1453 1904 a
1474 1866 1617 1904 Terris
1639 1867 1797 1904 eleuati

155 1917 461 1965 digressionem,
482 1919 671 1967 ideoque
694 1921 826 1957 etiam
844 1922 1045 1957 omnium
1062 1920 1331 1967 reliquorum
1349 1920 1627 1958 Planetarum
1645 1919 1796 1961 Orbes.

154 1969 268 2009 fuisse
291 1971 540 2017 exaltatam,
567 1984 755 2020 eamque
780 1975 890 2010 inter
913 1972 1061 2010 Affixa
1084 1973 1234 2011 Sidera
1259 1973 1376 2011 sedes
1402 1973 1474 2011 fibi
1498 1974 1700 2020 delegisse.
1727 1974 1796 2011 de-

154 2023 503 2064 monstraremus.
521 2026 667 2074 Atque
684 2026 779 2064 haec
792 2026 844 2064 de
857 2026 1032 2064 Saturni
1045 2038 1070 2064 a
1082 2026 1217 2064 Terra
1229 2026 1437 2073 supremis
1450 2027 1797 2074 elongationibus

154 2078 488 2125 praemonstrasse
509 2079 703 2118 sufficiat.
726 2079 828 2126 Quo
849 2078 961 2118 iacto
981 2079 1281 2123 fundamento,
1303 2080 1357 2117 ad
1380 2079 1627 2117 Affixarum
1648 2079 1796 2117 Stella-

86 2140 120 2167 35
155 2141 253 2169 rum
272 2130 374 2170 huic
394 2135 594 2180 proxime
614 2135 919 2171 imminentem
941 2133 1170 2180 Sphaeram
1191 2133 1489 2176 conscendere,
1512 2133 1686 2179 eiusque
1706 2132 1796 2169 vifi-

153 2183 257 2223 bilia
272 2196 456 2233 corpora
472 2186 683 2230 demetiri,
700 2187 875 2234 planius
893 2186 930 2224 &
947 2187 1188 2234 expeditius
1205 2186 1343 2224 fuerit.
1361 2183 1375 2236 ΙΙ

68 2276 127 2310 481
184 2271 264 2312 DE
284 2274 634 2313 AFFIXARVM
656 2275 1007 2314 STELLARVM
1030 2275 1193 2313 VERIS
1215 2274 1765 2315 MAGNITUDINIBUS.

692 2337 949 2376 AUTORIS
971 2337 1260 2376 CENSURA.

245 2397 405 2437 UARE
427 2411 529 2438 cum
551 2412 669 2438 nunc
695 2400 945 2439 Affixarum
969 2400 1201 2438 Stellarum
1225 2399 1566 2447 Magnitudines.
1591 2410 1642 2436 ex
1666 2410 1796 2445 appa-

85 2460 119 2486 ⁴0
257 2454 367 2490 renti
384 2463 538 2491 earum
555 2453 797 2498 Diametro‚
815 2460 946 2501 atque
963 2455 1218 2494 remotione,
1236 2454 1322 2490 vna
1339 2464 1438 2490 cum
1456 2452 1601 2489 Nouae
1615 2451 1795 2497 Quanti-

153 2507 251 2549 tate,
273 2505 549 2553 praedefinire
572 2510 750 2545 animus
772 2507 834 2545 fit:
860 2509 1195 2545 conuenientius
1219 2507 1343 2547 duco,
1368 2512 1409 2542 vt
1433 2505 1671 2564 paululum*
1687 2505 1794 2593 vltrla

1639 2569 1746 2594 circe
1784 2569 1793 2592 1

88 1339 122 1417 48
