2243 3225
419 196 469 234 78
793 192 1247 231 ASTRONOMIAE
1268 191 1689 230 INSTAURATAE

419 303 530 339 circa
551 312 603 338 ea
623 301 785 337 morari
801 299 963 342 videar,
985 310 1102 336 nunc
1119 298 1174 336 ad
1191 309 1283 336 rem
1299 298 1552 346 procedam;
1574 297 1816 336 ostensurus
1837 298 2061 346 quomodo

419 352 710 391 Refradtiones
733 352 847 399 ipsae,
870 352 1162 398 vndecunque
1186 353 1399 399 originem
1422 351 1595 395 ducant,
1622 351 1860 398 praesertim
1882 353 1928 389 in
1948 351 2061 397 Sole,

417 406 583 444 caelitus
595 405 935 453 peruestigandae
944 407 1135 449 veniant,
1145 404 1216 442 vbi
1227 404 1337 442 duos
1346 404 1502 442 modos
1512 416 1588 452 per
1597 404 1767 445 diuersa
1776 404 2062 444 Instrumenta

418 471 490 497 eas
506 458 690 506 idipsum
707 458 1096 505 experimentandi‚
1113 469 1372 505 proponam.
1391 454 1405 507 ΙΙ

470 512 638 549 Primus
664 513 742 549 erit
767 523 842 559 per
868 511 1171 558 Quadrantem
1196 522 1408 559 magnum
1428 510 1771 554 Azimuthalem,
1797 513 1873 558 qui
1897 510 2064 560 lingula

416 567 597 609 minuta,
615 576 715 603 cum
731 564 816 602 suis
831 564 1037 612 aliquotis
1052 564 1247 612 partibus
1259 564 1474 608 exhibeat,
1488 563 1526 601 8(
1537 575 1626 602 vna
1637 564 1867 602 commode
1879 566 1926 602 in
1936 567 2062 603 verti-

416 618 498 656 cali
518 618 652 666 plano
668 618 860 665 vndique
878 618 1154 662 conuolutus,
1176 617 1417 656 Azimutha
1438 617 1563 655 fimul
1580 619 1762 655 minime
1778 617 1912 656 dubia
1928 617 2062 656 ossen-

416 672 503 710 dat:
528 671 661 718 Quali
684 677 832 710 autem
856 672 1117 719 compendio
1138 671 1323 719 idipsum
1345 673 1477 710 etiam
1497 673 1543 708 in
1563 669 1805 709 maioribus
1825 670 2062 715 Machinis,

416 736 516 772 quae
532 724 641 763 alias
657 724 733 763 sua
749 725 865 763 mole
882 725 1195 772 impedimenta
1211 736 1303 763 non
1319 725 1437 763 leuia
1453 724 1524 762 hic
1541 724 1764 772 obijciunt,
1781 725 2012 763 commode
2025 724 2063 763 8(

415 777 526 816 recte
547 778 726 816 confieri
747 779 876 826 possit‚
898 780 943 816 in
965 790 1017 816 eo
1039 778 1181 821 Libro,
1203 790 1292 825 quo
1312 778 1365 816 de
1387 777 1776 816 Instrumentorum
1794 777 2062 816 Astronomi-

416 843 568 869 corum
583 831 747 870 fabrica
764 831 801 869 8(
817 831 905 875 vsu,
922 831 1122 879 Artisque
1139 831 1272 869 huius
1288 831 1553 870 Mechanica
1570 836 1691 879 parte
1711 830 1905 877 (fauente
1922 830 2062 878 DEO)

415 896 607 932 agemus,
624 884 818 932 plenarie
836 884 1040 923 edocebo.

469 937 598 976 Circa
609 937 846 985 Tropicum
863 940 1009 985 itaque
1021 937 1248 982 AEstiuum,
1266 938 1445 985 quando
1458 937 1567 976 SOL
1580 940 1626 976 in
1638 937 1826 976 Meridie
1843 937 2064 976 altissimus

416 991 482 1034 est,
506 991 742 1038 praesertim
762 1003 866 1029 vero
890 991 979 1038 ipso
1001 991 1168 1039 Solstitij
1195 991 1275 1035 die,
1297 991 1369 1029 vbi
1389 991 1745 1029 Declinationem
1767 990 2064 1030 insensibiliter

414 1046 566 1088 variat,
587 1056 697 1082 aura
713 1045 996 1092 vndiquaque
1013 1044 1228 1088 existente,
1249 1050 1339 1083 tam
1360 1046 1482 1082 iuxta
1498 1044 1792 1082 Horizontem
1810 1044 1864 1082 ab
1881 1050 2063 1092 vtraque

415 1103 547 1145 parte,
565 1109 700 1145 quam
716 1098 1019 1136 Meridianum
1032 1097 1069 1135 8(
1080 1098 1178 1136 loca
1193 1097 1262 1135 his
1278 1098 1550 1141 intermedia,
1567 1097 1664 1136 satis
1680 1097 1848 1141 serena;
1864 1109 1941 1145 per
1957 1097 2063 1136 eius-

415 1151 584 1189 cemodi
601 1150 870 1197 Quadrantis
886 1151 1224 1189 Instrumentum
1240 1153 1318 1189 rite
1335 1150 1594 1198 dispositum,
1615 1150 1713 1198 ipfis
1734 1152 1867 1189 etiam
1882 1152 2062 1190 Azimu-

413 1203 498 1242 this
515 1216 567 1242 ex
583 1204 713 1242 lineae
726 1204 990 1242 Meridianae
1007 1210 1211 1243 accurata
1227 1206 1497 1248 inuentione‚
1515 1203 1626 1243 recte
1642 1203 1682 1242 se
1699 1203 1973 1249 habentibus,
1989 1205 2063 1243 ob—

413 1257 606 1295 seruetur
618 1257 692 1296 Sol
703 1257 758 1295 ab
771 1257 881 1296 Ortu
895 1257 971 1296 suo
983 1260 1028 1295 in
1040 1257 1214 1306 singulis
1226 1258 1524 1296 Altitudinum
1536 1257 1756 1306 gradibus;
1769 1257 1808 1296 &
1819 1258 2063 1305 quadrante

414 1322 500 1349 vna
519 1322 620 1348 cum
637 1322 689 1348 eo
706 1311 1026 1349 circumuoluto
1047 1317 1295 1355 annotetur,
1317 1323 1448 1359 quem
1466 1311 1725 1349 Horizontis
1744 1311 1941 1359 gradum,
1963 1322 2063 1349 cum

413 1364 497 1402 suis
518 1366 710 1408 minutis,
732 1367 777 1402 in
797 1367 955 1412 quauis
972 1364 1230 1403 Eleuatione
1246 1365 1430 1413 stringat,
1452 1365 1583 1412 idque
1600 1365 1740 1403 donec
1756 1366 1802 1402 in
1818 1364 2063 1404 altissimum

414 1418 617 1456 Meridiei
642 1417 767 1456 fitum
792 1418 1026 1463 attollatur,
1056 1418 1093 1456 &
1121 1418 1306 1466 idipsum
1331 1418 1476 1466 postea
1501 1418 1632 1466 vsque
1658 1420 1703 1456 in
1730 1417 1944 1457 Occasum
1969 1420 2063 1456 eius

414 1471 603 1509 eundem
624 1473 669 1509 in
690 1472 874 1510 modum
895 1474 1185 1510 continuetur.
1207 1471 1276 1511 Sic
1297 1474 1415 1510 enim
1436 1474 1482 1510 in
1503 1477 1669 1519 quanta
1685 1483 1711 1510 a
1727 1471 1981 1510 Meridiano
1999 1483 2062 1510 re—

413 1527 607 1562 motione
619 1524 693 1563 Sol
710 1525 949 1572 quamlibet
961 1526 1262 1574 Apparentem
1274 1526 1564 1564 Altitudinem
1581 1530 1774 1573 occupet,
1791 1537 1882 1563 non
1898 1525 2061 1564 latebit:

413 1578 604 1625 Ideoque
621 1578 871 1617 Parallaxin
889 1581 982 1617 eius
998 1579 1073 1617 tali
1090 1581 1424 1618 ratiocinatione
1441 1579 1817 1627 perscrutabimur.
1835 1578 2063 1625 Quoniam

413 1632 539 1669 datur
559 1633 604 1669 in
625 1632 890 1675 Meridiano,
907 1632 1105 1671 Altitudo
1126 1632 1239 1671 Solis
1256 1631 1519 1671 Refradtioni
1540 1631 1837 1670 insensibiliter
1857 1632 2062 1675 obnoxia.

412 1696 500 1732 qua
516 1696 592 1732 per
608 1685 858 1724 Parallaxin
875 1686 1121 1729 emendata.
1143 1686 1411 1734 cognoscitur
1428 1688 1522 1724 eius
1539 1685 1789 1724 Declinatio
1805 1697 1922 1729 vera,
1939 1685 2062 1724 Incli-

412 1741 590 1776 natione
602 1739 801 1777 videlicet
813 1739 1068 1787 AEquatoris
1085 1742 1129 1777 in
1146 1740 1244 1778 loco
1257 1739 1587 1778 Obseruationis
1598 1741 1719 1787 prius
1731 1739 1958 1787 diligenter
1968 1750 2062 1787 per-

411 1790 565 1839 specta:
584 1791 685 1830 hinc
702 1793 757 1831 ad
774 1792 1042 1841 fingulorum
1057 1793 1400 1831 Azimuthorum
1416 1793 1526 1836 loca,
1543 1794 1734 1831 inuentis
1746 1792 2063 1831 Altitudinibus

1346 1846 1740 1894 correspondentia‚
1762 1857 1838 1894 per
1857 1845 2061 1884 Declina-

1345 1903 1511 1938 tionem
1530 1905 1851 1947 competentem
1871 1901 2060 1947 inquire-

1346 1965 1456 1996 mus.
1483 1953 1626 2001 qualis
1649 1964 1754 1991 nam
1777 1963 1934 1991 reuera
1954 1952 2061 1991 Alti-

1345 2007 1450 2045 tudo
1467 2009 1512 2045 in
1528 2007 1603 2045 tali
1615 2018 1641 2045 a
1654 2006 1841 2044 Meridie
1855 2005 1934 2044 fitu
1945 2017 2061 2044 com·

1346 2067 1472 2108 petat.
1503 2061 1545 2098 id
1572 2060 1689 2107 quod
1716 2071 1806 2098 non
1831 2058 2062 2098 difficulter

1345 2114 1427 2152 hac
1441 2113 1835 2152 Demonstrationis
1850 2111 2060 2152 inductio-

1346 2179 1400 2205 ne
1418 2166 1639 2205 efficietur.

1400 2221 1448 2258 In
1465 2221 1668 2268 assignata
1685 2220 1976 2268 Figuratione.
1990 2219 2061 2258 vbi

1294 2300 1325 2338 E
1347 2275 1379 2311 B
1403 2274 1457 2312 est
1482 2274 1612 2312 Polus
1634 2273 1905 2316 Horizontis.
1926 2274 1966 2311 Α
1987 2272 2060 2311 AE-

1345 2330 1551 2374 quatoris.
1573 2327 1729 2366 CBAE
1747 2326 2060 2368 Meridianum.

1345 2381 1471 2419 CDE
1505 2381 1798 2419 Horizontem
1828 2379 2059 2428 repraesen·

411 2436 481 2472 tat.
504 2431 725 2478 quadrans
746 2438 893 2469 autem
913 2432 1085 2470 BFGD
1104 2432 1267 2470 Circuli
1290 2434 1505 2472 verticalis
1527 2446 1602 2482 per
1619 2441 1800 2482 vtraque
1822 2434 1919 2472 loca
1935 2433 2060 2476 Solis.

411 2483 452 2521 G
471 2483 634 2521 Verum
656 2483 693 2521 8(
716 2485 746 2522 F
767 2484 1012 2523 Resrad'tum
1033 2486 1255 2527 transiens.
1277 2488 1332 2525 ad
1354 2499 1454 2534 quae
1476 2490 1606 2526 etiam
1626 2499 1652 2526 a
1671 2487 1778 2526 Polo
1794 2487 2060 2578 AEquatdongi,

1976 2551 2005 2578 u

2095 518 2137 551 93

2104 785 2134 811 10

2105 1052 2134 1078 15

2100 1586 2133 1611 25

2099 1852 2132 1878 3⁰

2099 2119 2131 2146 35
