2164 3246
424 203 1083 246 PROGYMNASMATUM
1105 208 1418 248 SECUNDA
1440 211 1591 250 PARS
1758 213 1835 251 357

185 316 342 349 entem.
361 310 472 358 Ergo
489 322 543 349 ex
559 311 670 349 datis
686 313 776 350 iam
791 313 928 351 tribus
945 313 1135 352 eiusdem
1151 315 1376 364 Trianguli
1395 317 1620 356 Lateribus
1633 319 1835 367 Angulus

184 363 317 402 ADE
333 363 507 412 patescit
522 370 630 412 part.
648 365 701 403 19.
721 364 746 412 l.
764 366 826 404 59.
847 365 890 413 sl.
908 367 970 405 50.
989 364 1002 416 ΙΙ

96 425 160 457 374
236 417 372 456 Porro
392 419 438 455 in
458 417 699 466 Triangulo
720 419 869 463 ADC,
891 420 962 458 vbi
985 423 1067 459 tria
1091 433 1267 469 quoque
1289 423 1446 462 Latera
1469 425 1639 469 dantur,
1664 425 1751 464 DC
1775 427 1834 464 di-

183 470 336 509 stantia
357 473 469 509 inter
490 471 705 510 Lucidam
728 474 774 510 in
797 471 972 511 Pedtore
997 473 1035 511 &
1058 474 1239 513 Nouam
1263 476 1454 521 Stellam,
1478 478 1520 515 P.
1538 479 1573 516 7.
1597 478 1622 525 l.
1640 479 1724 523 503,
1748 480 1834 518 AC

131 538 147 563 5
184 524 362 563 Lucidae
379 524 615 563 Cathedrae
632 524 671 563 &
687 525 880 564 eiusdem
896 534 1003 574 part.
1017 528 1052 566 5.
1072 527 1096 574 l.
1111 529 1167 571 l9;
1185 529 1275 567 AD
1293 531 1319 567 a
1335 530 1514 569 Schedir
1529 534 1575 569 in
1592 531 1833 580 Splendidi-

184 589 307 617 orem
324 577 559 616 Cathedrae
576 578 618 616 P.
636 579 672 616 4.
692 577 716 626 l.
735 580 797 618 59.
811 580 947 628 Jgitur
963 582 1166 629 Angulus
1182 583 1317 621 ADC
1335 584 1521 631 prodibit
1537 592 1643 632 part.
1657 586 1719 623 42.
1737 585 1762 632 l.
1775 587 1832 630 δὲ,

183 632 211 669 a
230 643 320 679 quo
340 631 370 669 fi
390 631 615 670 auferatur
636 638 767 671 antea
787 635 996 672 inuentus
1016 635 1160 679 ADE,
1183 643 1379 675 remanet
1400 638 1602 685 Angulus
1624 639 1764 683 CDE‚
1789 642 1833 678 in

183 684 268 723 hoc
283 684 374 732 ipso
390 684 632 733 Triangulo
649 685 791 730 CDE,
809 688 927 734 quod
944 699 1061 726 nunc
1079 690 1391 737 aggrediemur.

231 738 286 785 Jn
301 737 542 787 Triangulo
563 737 675 778 did'to
693 739 835 784 CDE,
857 743 1070 788 quoniam
1093 742 1224 781 Latus
1246 743 1329 781 DE
1350 755 1426 792 per
1445 743 1833 793 Complementum

116 804 146 830 ιο
183 792 444 831 Latitudim's
460 791 606 831 Stellae
623 792 815 837 Schedir,
834 794 872 832 &
888 794 976 833 DC
994 807 1046 833 ex
1063 796 1259 835 distantia
1276 797 1422 835 Nouae
1440 797 1583 837 Stellae
1601 799 1654 837 ab
1671 799 1754 837 hac
1774 800 1833 846 (vt

182 847 304 894 prius
325 846 584 893 indicatum)
607 848 911 886 innotuerunt:
936 849 1138 896 Angulus
1162 862 1338 898 quoque
1362 851 1429 889 his
1453 858 1680 890 contentus
1705 853 1833 891 CDE

182 897 390 947 praedidta
411 901 581 938 ratione
604 902 743 947 patuit
765 901 808 939 P.
830 901 892 939 22.
916 900 940 948 l.
963 902 998 940 6.
1023 901 1065 949 ll.
1087 903 1150 945 40,
1178 905 1224 941 in
1251 912 1451 951 apertum
1475 907 1607 943 etiam
1630 907 1832 944 deueniet

182 954 358 991 tertium
382 952 516 991 Latus
542 952 634 997 GE,
661 954 703 991 P.
725 954 789 993 36.
815 954 840 1002 l.
862 956 915 992 14.
939 954 981 1002 ll.
1004 957 1066 998 55,
1089 958 1206 1003 quod
1228 957 1282 994 est
1304 958 1487 996 Latitud.
1515 958 1659 997 Stellae
1686 960 1832 998 Nouae

184 1006 590 1054 Complementum;
617 1007 655 1045 &
681 1019 734 1045 ex
757 1010 937 1056 cognitis
962 1009 1136 1056 insuper
1158 1010 1293 1048 tribus
1317 1011 1544 1049 Lateribus
1567 1014 1678 1060 Ang.
1703 1013 1832 1051 DEC

117 1072 147 1098 ι5
183 1059 441 1098 differentiae
462 1060 767 1109 Longitudinis
787 1073 814 1100 a
835 1061 1014 1100 Schedir
1035 1075 1126 1100 non
1147 1065 1416 1111 ignorabitur
1436 1072 1542 1112 part.
1565 1067 1600 1104 5.
1625 1065 1649 1111 l.
1671 1066 1706 1103 Ο.
1731 1065 1773 1112 ll.
1795 1067 1831 1104 9.

183 1113 270 1152 His
284 1115 432 1161 itaque
449 1113 606 1152 additis
622 1115 678 1153 ad
695 1114 840 1153 Stellae
857 1117 903 1153 in
919 1115 1094 1154 Pedtore
1112 1116 1348 1165 Cassiopeae
1366 1118 1703 1166 Longitudinem
1724 1131 1831 1167 prae-

182 1166 366 1211 finitam,
393 1167 541 1206 euadit
566 1167 689 1206 Noui
714 1168 847 1207 huius
873 1169 1054 1212 Iubaris.
1086 1170 1139 1208 ab
1165 1169 1448 1218 AEquinocffio
1475 1172 1622 1210 Verno
1648 1176 1832 1211 remotio

182 1220 226 1258 P.
242 1220 279 1259 6.
297 1218 324 1268 l.
340 1220 403 1259 53.
422 1219 466 1269 ll.
483 1220 534 1260 39
555 1224 613 1266 ὅ.
636 1222 933 1260 Latitudinem
955 1223 1200 1271 Complem.
1219 1224 1384 1262 Lateris
1407 1224 1484 1263 CE
1506 1225 1685 1264 ostendit
1710 1226 1752 1264 P.
1770 1227 1832 1265 53.

185 1272 210 1322 Ι.
226 1274 290 1313 45.
308 1272 352 1322 ll.
369 1274 406 1319 5,
423 1285 525 1322 quae
542 1281 666 1314 erant
682 1277 989 1323 perquirenda.

113 1411 147 1437 zo
223 1398 379 1437 IDEM
399 1399 506 1438 PER
527 1399 885 1439 DISTANTIAS
906 1402 947 1438 A
969 1401 1241 1445 SCHEDIR,
1263 1402 1468 1449 ATQUE
1490 1403 1708 1441 STELLA
1731 1404 1792 1442 IN

467 1461 743 1501 FLEXURA
767 1462 1116 1507 CASSIOPEAE‚
1140 1464 1553 1503 INUESTIGARE.

975 1525 1046 1563 III.

274 1594 382 1634 UIA
398 1594 721 1644 difiungebatur
733 1596 868 1635 Noua
880 1596 1012 1635 Stella
1029 1597 1082 1635 ab
1101 1609 1164 1639 ea,
1183 1609 1282 1645 quae
1300 1598 1354 1636 est
1366 1600 1410 1636 in
1424 1598 1610 1637 Flexura
1622 1601 1743 1637 iuxta
1755 1599 1834 1638 Ilia

293 1647 532 1696 Cassiopeae
548 1655 656 1697 part.
674 1651 710 1688 5.
730 1648 754 1697 Ι.
772 1650 808 1693 2,
831 1662 857 1688 a
878 1650 1058 1689 Schedir
1074 1658 1222 1689 autem
1239 1652 1315 1697 (vti
1332 1651 1508 1698 dietum)
1526 1659 1632 1700 part.
1650 1653 1685 1690 7.
1706 1651 1730 1699 l.
1748 1653 1831 1692 50¹2:

113 1714 147 1740 25
183 1701 333 1750 Sitque
355 1704 402 1740 in
425 1714 479 1741 ea
501 1703 591 1751 ipsa
614 1703 906 1752 Figuratione,
932 1704 964 1742 B
989 1704 1175 1742 Flexura
1200 1704 1449 1752 Cassiopeae.
1476 1706 1653 1753 reliquis
1678 1706 1832 1744 eodem

182 1755 316 1794 modo
332 1767 421 1804 quo
437 1762 569 1795 antea
584 1755 824 1795 intelledtis.

230 1809 286 1855 Jn
309 1809 551 1858 Triangulo
577 1810 716 1854 DEB‚
743 1822 796 1849 ex
822 1819 1045 1859 comperto
1069 1812 1222 1849 Latere
1247 1812 1321 1849 BE
1345 1823 1421 1859 per
1445 1812 1831 1859 Complementum

95 1869 160 1902 375
183 1862 444 1902 Latitudim's
456 1863 658 1902 Flexurae
674 1871 782 1912 part.
795 1865 848 1902 41.
864 1863 889 1911 l.
904 1866 956 1907 14,
975 1864 1012 1902 &
1029 1865 1112 1902 DE
1130 1876 1182 1902 ex
1195 1862 1209 1915 ΙΙ
1223 1865 1560 1913 Complemento
1574 1866 1833 1904 Latitudinis

183 1915 364 1955 Schedir
379 1916 422 1955 P.
439 1917 502 1955 43.
522 1916 547 1964 l.
565 1917 649 1958 245.
672 1918 939 1966 Anguloque
957 1918 1082 1956 DEB
1099 1926 1275 1965 propter
1295 1918 1587 1957 differentiam
1604 1919 1831 1967 Longitud.

113 1982 147 2008 30
183 1969 402 2018 Vtriusque
425 1970 571 2009 Stellae
595 1974 767 2019 cognito
790 1978 897 2019 part.
922 1972 957 2010 6.
984 1971 1008 2018 l.
1032 1972 1084 2009 10.
1110 1972 1242 2010 Latus
1265 1975 1438 2010 tertium
1463 1972 1545 2010 DB
1570 1973 1710 2020 prodit
1732 1973 1773 2010 P.
1796 1974 1832 2010 4.

184 2021 210 2071 Ι.
226 2023 312 2068 4οὲ,
333 2023 516 2062 dimidio
537 2024 688 2063 saltem
707 2024 909 2072 scrupulo
931 2025 1175 2063 distantiam
1196 2025 1471 2064 obseruatam
1493 2027 1717 2064 excedens.
1743 2028 1832 2063 An-

182 2076 398 2125 gulusque
414 2089 504 2116 vna
520 2078 713 2116 eiusdem
729 2078 956 2126 Trianguli
974 2078 1099 2116 EBD
1117 2081 1329 2126 reperitur
1346 2079 1388 2116 P.
1407 2080 1476 2117 115.
1497 2078 1521 2125 l.
1539 2079 1574 2116 2.
1595 2078 1637 2125 ll.
1656 2080 1708 2116 10.

236 2130 458 2180 Deinceps
473 2133 519 2169 in
535 2131 777 2180 Triangulo
795 2132 936 2174 BCD.
955 2134 1060 2179 quia
1076 2139 1199 2170 terna
1220 2135 1309 2170 iam
1330 2132 1547 2170 habentur
1564 2133 1732 2174 Latera.
1756 2132 1834 2170 BC

183 2195 237 2222 ex
257 2183 456 2223 distantia
476 2185 623 2223 Nouae
645 2197 671 2223 a
692 2185 880 2223 Flexura
901 2191 1008 2232 part.
1025 2186 1061 2223 5.
1082 2184 1106 2232 J.
1124 2186 1159 2229 2,
1183 2185 1269 2224 DC
1292 2186 1482 2224 eiusdem
1499 2198 1525 2224 a
1542 2186 1720 2224 Schedir
1737 2186 1778 2223 P.
1797 2187 1832 2224 7.

113 2249 147 2276 35
185 2235 210 2285 Ι.
227 2237 313 2278 5οὲ.
330 2237 414 2276 DB
432 2238 641 2277 Fixarum
658 2239 713 2277 ad
730 2241 922 2277 inuicem
939 2239 980 2276 P.
995 2239 1030 2276 4.
1046 2238 1070 2285 s.
1083 2239 1168 2280 403.
1186 2239 1304 2277 velut
1320 2240 1415 2277 haec
1433 2241 1583 2277 omnia
1600 2242 1688 2277 iam
1705 2246 1835 2277 antea

182 2296 434 2339 patuerunt;
456 2292 661 2340 Angulus
683 2292 811 2331 CBD
833 2292 1134 2340 supputabitur
1155 2300 1261 2340 part.
1285 2293 1364 2331 107.
1389 2292 1413 2339 l.
1436 2293 1498 2331 35.
1522 2292 1564 2339 ll.
1583 2293 1623 2334 O:
1646 2294 1721 2340 qui
1742 2292 1833 2330 sub-

183 2342 338 2383 duetus
362 2345 416 2384 ab
441 2346 621 2394 Angulo
647 2346 773 2384 EBD
799 2348 919 2394 prius
949 2346 1203 2389 adiuuento,
1235 2346 1453 2384 refiduum
1483 2346 1583 2384 facit
1609 2346 1834 2393 Angulum

184 2397 305 2436 CBE
320 2400 367 2437 in
382 2399 521 2437 altero
537 2399 792 2447 Triangulo,
810 2400 862 2437 de
880 2411 968 2447 quo
986 2411 1103 2437 nunc
1121 2411 1313 2447 agemus.

235 2450 436 2490 Tandem
451 2454 599 2500 itaque
615 2455 661 2491 in
677 2453 851 2501 Triang.
865 2453 898 2491 B
908 2452 944 2491 C
954 2453 986 2490 E
1000 2464 1053 2490 ex
1065 2456 1236 2500 cognito
1249 2452 1465 2491 antedidta
1477 2455 1644 2490 ratione
1658 2452 1833 2499 Angulo

114 2515 148 2542 ⁴0
184 2503 319 2549 CBE,
340 2505 384 2543 P.
400 2506 436 2544 7.
456 2505 481 2553 l.
499 2506 562 2545 27.
581 2505 624 2554 ll.
643 2507 696 2549 10,
717 2506 754 2544 &
774 2506 1001 2544 Lateribus
1018 2506 1143 2544 illum
1159 2506 1261 2544 hinc
1279 2507 1378 2544 inde
1396 2506 1687 2544 ambientibus
1706 2504 1833 2595 Eli-{g
