<?xml version="1.0" encoding="UTF-8"?>
<!DOCTYPE html PUBLIC "-//W3C//DTD XHTML 1.0 Transitional//EN"
    "http://www.w3.org/TR/xhtml1/DTD/xhtml1-transitional.dtd">
<html xmlns="http://www.w3.org/1999/xhtml" xml:lang="en" lang="en">
 <head>
  <title>
</title>
<meta http-equiv="Content-Type" content="text/html;charset=utf-8" />
  <meta name='ocr-system' content='tesseract 3.04.00' />
  <meta name='ocr-capabilities' content='ocr_page ocr_carea ocr_par ocr_line ocrx_word'/>
</head>
<body>
  <div class='ocr_page' id='page_1' title='image "./operaomniaedidit02brahuoft/operaomniaedidit02brahuoft_0072.png"; bbox 0 0 2243 3225; ppageno 0'>
   <div class='ocr_carea' id='block_1_1' title="bbox 399 190 1673 239">
    <p class='ocr_par' dir='ltr' id='par_1_1' title="bbox 399 190 1673 239">
     <span class='ocr_line' id='line_1_1' title="bbox 399 190 1673 239; baseline -0.009 0"><span class='ocrx_word' id='word_1_1' title='bbox 399 202 448 239; x_wconf 84' lang='lat'>62</span> <span class='ocrx_word' id='word_1_2' title='bbox 773 194 1228 235; x_wconf 87' lang='lat' dir='ltr'><strong>ASTRONOMIAE</strong></span> <span class='ocrx_word' id='word_1_3' title='bbox 1249 190 1673 231; x_wconf 88' lang='lat' dir='ltr'><strong>INSTAURATAE</strong></span> 
     </span>
    </p>
   </div>
   <div class='ocr_carea' id='block_1_2' title="bbox 397 295 2049 1521">
    <p class='ocr_par' dir='ltr' id='par_1_2' title="bbox 399 295 2046 565">
     <span class='ocr_line' id='line_1_2' title="bbox 399 295 2045 353; baseline -0.007 -9"><span class='ocrx_word' id='word_1_4' title='bbox 399 306 557 353; x_wconf 90' lang='lat' dir='ltr'>quibus</span> <span class='ocrx_word' id='word_1_5' title='bbox 574 303 817 342; x_wconf 83' lang='lat' dir='ltr'>differentia</span> <span class='ocrx_word' id='word_1_6' title='bbox 829 302 1184 340; x_wconf 91' lang='lat' dir='ltr'>Meridianorum</span> <span class='ocrx_word' id='word_1_7' title='bbox 1201 300 1319 338; x_wconf 84' lang='lat' dir='ltr'>addit</span> <span class='ocrx_word' id='word_1_8' title='bbox 1334 298 1423 336; x_wconf 83' lang='lat' dir='ltr'>sere</span> <span class='ocrx_word' id='word_1_9' title='bbox 1439 300 1672 335; x_wconf 92' lang='lat' dir='ltr'>minutum.</span> <span class='ocrx_word' id='word_1_10' title='bbox 1690 297 1836 343; x_wconf 86' lang='lat' dir='ltr'><strong>Atque</strong></span> <span class='ocrx_word' id='word_1_11' title='bbox 1850 298 1909 334; x_wconf 88' lang='lat' dir='ltr'>ita</span> <span class='ocrx_word' id='word_1_12' title='bbox 1923 295 2045 333; x_wconf 93' lang='lat' dir='ltr'>locus</span> 
     </span>
     <span class='ocr_line' id='line_1_3' title="bbox 399 349 2044 401; baseline -0.007 -5"><span class='ocrx_word' id='word_1_13' title='bbox 399 359 522 400; x_wconf 77' lang='lat' dir='ltr'>Solis,</span> <span class='ocrx_word' id='word_1_14' title='bbox 545 370 597 395; x_wconf 85' lang='lat' dir='ltr'>ex</span> <span class='ocrx_word' id='word_1_15' title='bbox 615 356 929 395; x_wconf 88' lang='lat' dir='ltr'>Obseruatione</span> <span class='ocrx_word' id='word_1_16' title='bbox 950 354 1048 392; x_wconf 93' lang='lat' dir='ltr'>satis</span> <span class='ocrx_word' id='word_1_17' title='bbox 1068 353 1242 401; x_wconf 85' lang='lat' dir='ltr'>praecise</span> <span class='ocrx_word' id='word_1_18' title='bbox 1264 353 1472 390; x_wconf 91' lang='lat' dir='ltr'>conuenit</span> <span class='ocrx_word' id='word_1_19' title='bbox 1492 362 1593 389; x_wconf 92' lang='lat' dir='ltr'>cum</span> <span class='ocrx_word' id='word_1_20' title='bbox 1609 350 1751 388; x_wconf 81' lang='lat' dir='ltr'>nostra</span> <span class='ocrx_word' id='word_1_21' title='bbox 1766 349 2044 387; x_wconf 86' lang='lat' dir='ltr'>indicatione.</span> 
     </span>
     <span class='ocr_line' id='line_1_4' title="bbox 399 401 2046 457; baseline -0.006 -8"><span class='ocrx_word' id='word_1_22' title='bbox 399 414 455 449; x_wconf 84' lang='lat' dir='ltr'>At</span> <span class='ocrx_word' id='word_1_23' title='bbox 467 409 765 457; x_wconf 82' lang='lat' dir='ltr'>Alphonfinus</span> <span class='ocrx_word' id='word_1_24' title='bbox 781 414 883 446; x_wconf 94' lang='lat' dir='ltr'>tunc</span> <span class='ocrx_word' id='word_1_25' title='bbox 900 407 1100 455; x_wconf 76' lang='lat' dir='ltr'>praebens</span> <span class='ocrx_word' id='word_1_26' title='bbox 1116 406 1241 444; x_wconf 85' lang='lat' dir='ltr'>situm</span> <span class='ocrx_word' id='word_1_27' title='bbox 1258 407 1351 443; x_wconf 92' lang='lat' dir='ltr'>eius</span> <span class='ocrx_word' id='word_1_28' title='bbox 1362 407 1408 442; x_wconf 93' lang='lat' dir='ltr'>in</span> <span class='ocrx_word' id='word_1_29' title='bbox 1421 404 1475 443; x_wconf 88' lang='lat' dir='ltr'>G.</span> <span class='ocrx_word' id='word_1_30' title='bbox 1489 404 1551 442; x_wconf 90' lang='lat'>27.</span> <span class='ocrx_word' id='word_1_31' title='bbox 1566 402 1591 451; x_wconf 85' lang='lat' dir='ltr'>l.</span> <span class='ocrx_word' id='word_1_32' title='bbox 1604 404 1646 441; x_wconf 86' lang='lat'>19</span> <span class='ocrx_word' id='word_1_33' title='bbox 1664 405 1701 447; x_wconf 88' lang='lat'>)(</span> <span class='ocrx_word' id='word_1_34' title='bbox 1712 434 1720 447; x_wconf 89' lang='lat'>‚</span> <span class='ocrx_word' id='word_1_35' title='bbox 1738 402 1932 440; x_wconf 86' lang='lat' dir='ltr'><strong>abundat</strong></span> <span class='ocrx_word' id='word_1_36' title='bbox 1947 401 2046 449; x_wconf 92' lang='lat' dir='ltr'>plus</span> 
     </span>
     <span class='ocr_line' id='line_1_5' title="bbox 399 455 2044 511; baseline -0.006 -9"><span class='ocrx_word' id='word_1_37' title='bbox 399 470 553 511; x_wconf 89' lang='lat' dir='ltr'>quarta</span> <span class='ocrx_word' id='word_1_38' title='bbox 569 468 689 510; x_wconf 91' lang='lat' dir='ltr'>parte</span> <span class='ocrx_word' id='word_1_39' title='bbox 701 464 830 499; x_wconf 89' lang='lat' dir='ltr'>vnius</span> <span class='ocrx_word' id='word_1_40' title='bbox 846 461 1017 509; x_wconf 87' lang='lat' dir='ltr'>gradus.</span> <span class='ocrx_word' id='word_1_41' title='bbox 1036 460 1346 507; x_wconf 90' lang='lat' dir='ltr'>Copernianus</span> <span class='ocrx_word' id='word_1_42' title='bbox 1358 469 1463 495; x_wconf 93' lang='lat' dir='ltr'>vero</span> <span class='ocrx_word' id='word_1_43' title='bbox 1479 467 1698 504; x_wconf 90' lang='lat' dir='ltr'>reponens</span> <span class='ocrx_word' id='word_1_44' title='bbox 1714 455 1854 503; x_wconf 90' lang='lat' dir='ltr'>ipsum</span> <span class='ocrx_word' id='word_1_45' title='bbox 1869 457 1915 492; x_wconf 95' lang='lat' dir='ltr'>in</span> <span class='ocrx_word' id='word_1_46' title='bbox 1926 455 1969 492; x_wconf 92' lang='lat' dir='ltr'>P.</span> <span class='ocrx_word' id='word_1_47' title='bbox 1981 455 2044 493; x_wconf 87' lang='lat'>26.</span> 
     </span>
     <span class='ocr_line' id='line_1_6' title="bbox 400 510 1672 565; baseline -0.006 -11"><span class='ocrx_word' id='word_1_48' title='bbox 400 517 424 565; x_wconf 74' lang='lat' dir='ltr'>s.</span> <span class='ocrx_word' id='word_1_49' title='bbox 442 517 492 554; x_wconf 85' lang='grc'>36</span> <span class='ocrx_word' id='word_1_50' title='bbox 516 519 570 560; x_wconf 80' lang='grc'>)(,</span> <span class='ocrx_word' id='word_1_51' title='bbox 588 515 730 554; x_wconf 88' lang='lat' dir='ltr'>deficit</span> <span class='ocrx_word' id='word_1_52' title='bbox 745 517 943 562; x_wconf 82' lang='lat' dir='ltr'>proxime</span> <span class='ocrx_word' id='word_1_53' title='bbox 960 514 1011 552; x_wconf 85' lang='lat'>27</span> <span class='ocrx_word' id='word_1_54' title='bbox 1026 515 1179 550; x_wconf 93' lang='lat' dir='ltr'>minut.</span> <span class='ocrx_word' id='word_1_55' title='bbox 1198 512 1379 550; x_wconf 91' lang='lat' dir='ltr'>dimidio</span> <span class='ocrx_word' id='word_1_56' title='bbox 1395 522 1507 558; x_wconf 91' lang='lat' dir='ltr'>pene</span> <span class='ocrx_word' id='word_1_57' title='bbox 1523 510 1672 558; x_wconf 89' lang='lat' dir='ltr'>gradu.</span> 
     </span>
    </p>

    <p class='ocr_par' dir='ltr' id='par_1_3' title="bbox 397 560 2049 1521">
     <span class='ocr_line' id='line_1_7' title="bbox 451 560 2045 615; baseline -0.006 -7"><span class='ocrx_word' id='word_1_58' title='bbox 451 570 519 608; x_wconf 89' lang='lat' dir='ltr'>Sic</span> <span class='ocrx_word' id='word_1_59' title='bbox 531 570 665 606; x_wconf 85' lang='lat' dir='ltr'>Anno</span> <span class='ocrx_word' id='word_1_60' title='bbox 682 568 885 615; x_wconf 86' lang='lat' dir='ltr'>sequente</span> <span class='ocrx_word' id='word_1_61' title='bbox 897 567 1004 611; x_wconf 86' lang='lat'>1573,</span> <span class='ocrx_word' id='word_1_62' title='bbox 1021 567 1170 614; x_wconf 90' lang='lat' dir='ltr'>Martij</span> <span class='ocrx_word' id='word_1_63' title='bbox 1189 565 1258 603; x_wconf 91' lang='lat' dir='ltr'>die</span> <span class='ocrx_word' id='word_1_64' title='bbox 1270 566 1306 608; x_wconf 87' lang='lat'>4,</span> <span class='ocrx_word' id='word_1_65' title='bbox 1324 564 1573 602; x_wconf 86' lang='lat' dir='ltr'>obseruauit</span> <span class='ocrx_word' id='word_1_66' title='bbox 1588 560 1821 610; x_wconf 72' lang='lat' dir='ltr'>praedictus</span> <span class='ocrx_word' id='word_1_67' title='bbox 1833 561 2045 599; x_wconf 82' lang='lat' dir='ltr'>Illustrissi-</span> 
     </span>
     <span class='ocr_line' id='line_1_8' title="bbox 397 615 2045 669; baseline -0.006 -8"><span class='ocrx_word' id='word_1_68' title='bbox 397 635 496 661; x_wconf 92' lang='lat' dir='ltr'>mus</span> <span class='ocrx_word' id='word_1_69' title='bbox 520 623 722 669; x_wconf 87' lang='lat' dir='ltr'>Princeps</span> <span class='ocrx_word' id='word_1_70' title='bbox 743 621 1032 659; x_wconf 88' lang='lat' dir='ltr'>Altitudinem</span> <span class='ocrx_word' id='word_1_71' title='bbox 1059 621 1101 664; x_wconf 74' lang='lat' dir='ltr'>O</span> <span class='ocrx_word' id='word_1_72' title='bbox 1128 619 1427 657; x_wconf 91' lang='lat' dir='ltr'>Meridianam</span> <span class='ocrx_word' id='word_1_73' title='bbox 1449 616 1628 655; x_wconf 90' lang='lat' dir='ltr'>Casellis</span> <span class='ocrx_word' id='word_1_74' title='bbox 1652 621 1759 663; x_wconf 91' lang='lat' dir='ltr'>part.</span> <span class='ocrx_word' id='word_1_75' title='bbox 1780 615 1843 653; x_wconf 84' lang='lat'>36.</span> <span class='ocrx_word' id='word_1_76' title='bbox 1864 617 1969 652; x_wconf 92' lang='lat' dir='ltr'>min.</span> <span class='ocrx_word' id='word_1_77' title='bbox 1991 615 2045 658; x_wconf 90' lang='lat'>10,</span> 
     </span>
     <span class='ocr_line' id='line_1_9' title="bbox 398 668 2045 721; baseline -0.005 -7"><span class='ocrx_word' id='word_1_78' title='bbox 398 676 639 714; x_wconf 85' lang='lat' dir='ltr'>Parallaxis</span> <span class='ocrx_word' id='word_1_79' title='bbox 655 675 773 713; x_wconf 89' lang='lat' dir='ltr'>addit</span> <span class='ocrx_word' id='word_1_80' title='bbox 791 673 815 721; x_wconf 87' lang='lat' dir='ltr'>l.</span> <span class='ocrx_word' id='word_1_81' title='bbox 833 674 869 712; x_wconf 93' lang='lat'>2.</span> <span class='ocrx_word' id='word_1_82' title='bbox 889 672 931 721; x_wconf 84' lang='lat' dir='ltr'>ll.</span> <span class='ocrx_word' id='word_1_83' title='bbox 948 674 1011 716; x_wconf 90' lang='lat'>25,</span> <span class='ocrx_word' id='word_1_84' title='bbox 1033 673 1103 711; x_wconf 92' lang='lat' dir='ltr'>sed</span> <span class='ocrx_word' id='word_1_85' title='bbox 1119 670 1275 710; x_wconf 70' lang='lat' dir='ltr'>relic&#39;tis</span> <span class='ocrx_word' id='word_1_86' title='bbox 1292 671 1489 709; x_wconf 90' lang='lat' dir='ltr'>secundis</span> <span class='ocrx_word' id='word_1_87' title='bbox 1505 671 1560 708; x_wconf 93' lang='lat' dir='ltr'>ob</span> <span class='ocrx_word' id='word_1_88' title='bbox 1577 668 1894 711; x_wconf 62' lang='lat' dir='ltr'>refractionem,</span> <span class='ocrx_word' id='word_1_89' title='bbox 1910 673 1954 706; x_wconf 91' lang='lat' dir='ltr'>vt</span> <span class='ocrx_word' id='word_1_90' title='bbox 1969 679 2045 706; x_wconf 90' lang='lat' dir='ltr'>an-</span> 
     </span>
     <span class='ocr_line' id='line_1_10' title="bbox 398 721 2047 774; baseline -0.005 -7"><span class='ocrx_word' id='word_1_91' title='bbox 398 736 480 771; x_wconf 75' lang='lat' dir='ltr'>tea.</span> <span class='ocrx_word' id='word_1_92' title='bbox 502 731 579 766; x_wconf 92' lang='lat' dir='ltr'>erit</span> <span class='ocrx_word' id='word_1_93' title='bbox 599 740 704 766; x_wconf 92' lang='lat' dir='ltr'>vera</span> <span class='ocrx_word' id='word_1_94' title='bbox 720 727 916 765; x_wconf 84' lang='lat' dir='ltr'>Altitudo</span> <span class='ocrx_word' id='word_1_95' title='bbox 938 727 1053 774; x_wconf 91' lang='lat' dir='ltr'>grad.</span> <span class='ocrx_word' id='word_1_96' title='bbox 1075 726 1138 764; x_wconf 82' lang='lat'>36.</span> <span class='ocrx_word' id='word_1_97' title='bbox 1159 728 1265 763; x_wconf 91' lang='lat' dir='ltr'>min.</span> <span class='ocrx_word' id='word_1_98' title='bbox 1287 725 1345 767; x_wconf 87' lang='lat'>12;</span> <span class='ocrx_word' id='word_1_99' title='bbox 1367 725 1559 771; x_wconf 85' lang='lat' dir='ltr'>Ideoque</span> <span class='ocrx_word' id='word_1_100' title='bbox 1576 722 1825 761; x_wconf 89' lang='lat' dir='ltr'>Declinatio</span> <span class='ocrx_word' id='word_1_101' title='bbox 1841 721 2047 759; x_wconf 86' lang='lat' dir='ltr'>Austrina</span> 
     </span>
     <span class='ocr_line' id='line_1_11' title="bbox 398 774 2045 830; baseline -0.005 -10"><span class='ocrx_word' id='word_1_102' title='bbox 398 788 505 830; x_wconf 90' lang='lat' dir='ltr'>part.</span> <span class='ocrx_word' id='word_1_103' title='bbox 523 783 558 819; x_wconf 94' lang='lat'>2.</span> <span class='ocrx_word' id='word_1_104' title='bbox 578 781 603 829; x_wconf 86' lang='lat' dir='ltr'>l.</span> <span class='ocrx_word' id='word_1_105' title='bbox 620 782 686 819; x_wconf 85' lang='lat'>29:</span> <span class='ocrx_word' id='word_1_106' title='bbox 709 781 823 818; x_wconf 92' lang='lat' dir='ltr'>vnde</span> <span class='ocrx_word' id='word_1_107' title='bbox 845 780 1090 828; x_wconf 87' lang='lat' dir='ltr'>Longitudo</span> <span class='ocrx_word' id='word_1_108' title='bbox 1111 779 1223 817; x_wconf 91' lang='lat' dir='ltr'>Solis</span> <span class='ocrx_word' id='word_1_109' title='bbox 1245 778 1391 816; x_wconf 92' lang='lat' dir='ltr'>euadit</span> <span class='ocrx_word' id='word_1_110' title='bbox 1411 780 1457 815; x_wconf 94' lang='lat' dir='ltr'>in</span> <span class='ocrx_word' id='word_1_111' title='bbox 1477 783 1598 824; x_wconf 92' lang='lat' dir='ltr'>parte</span> <span class='ocrx_word' id='word_1_112' title='bbox 1615 776 1677 814; x_wconf 89' lang='lat'>23.</span> <span class='ocrx_word' id='word_1_113' title='bbox 1695 777 1800 813; x_wconf 93' lang='lat' dir='ltr'>min.</span> <span class='ocrx_word' id='word_1_114' title='bbox 1817 775 1868 813; x_wconf 83' lang='lat'>46</span> <span class='ocrx_word' id='word_1_115' title='bbox 1890 776 1946 819; x_wconf 86' lang='lat'>)(.</span> <span class='ocrx_word' id='word_1_116' title='bbox 1963 774 2045 812; x_wconf 91' lang='lat' dir='ltr'>Ve-</span> 
     </span>
     <span class='ocr_line' id='line_1_12' title="bbox 399 828 2046 882; baseline -0.005 -9"><span class='ocrx_word' id='word_1_117' title='bbox 399 847 497 873; x_wconf 93' lang='lat' dir='ltr'>rum</span> <span class='ocrx_word' id='word_1_118' title='bbox 517 846 652 882; x_wconf 91' lang='lat' dir='ltr'>prope</span> <span class='ocrx_word' id='word_1_119' title='bbox 669 834 908 882; x_wconf 83' lang='lat' dir='ltr'>Augustam</span> <span class='ocrx_word' id='word_1_120' title='bbox 923 833 1254 870; x_wconf 91' lang='lat' dir='ltr'>Vindelicorum</span> <span class='ocrx_word' id='word_1_121' title='bbox 1275 832 1329 869; x_wconf 94' lang='lat' dir='ltr'>ab</span> <span class='ocrx_word' id='word_1_122' title='bbox 1351 829 1566 869; x_wconf 66' lang='lat' dir='ltr'>antedicto</span> <span class='ocrx_word' id='word_1_123' title='bbox 1584 829 1775 868; x_wconf 86' lang='lat' dir='ltr'>Consule</span> <span class='ocrx_word' id='word_1_124' title='bbox 1794 828 2046 871; x_wconf 86' lang='lat' dir='ltr'>Heinzelio,</span> 
     </span>
     <span class='ocr_line' id='line_1_13' title="bbox 400 880 2046 933; baseline -0.005 -7"><span class='ocrx_word' id='word_1_125' title='bbox 400 901 453 926; x_wconf 85' lang='lat' dir='ltr'>ex</span> <span class='ocrx_word' id='word_1_126' title='bbox 465 888 706 926; x_wconf 86' lang='lat' dir='ltr'>Altitudine</span> <span class='ocrx_word' id='word_1_127' title='bbox 719 887 804 925; x_wconf 90' lang='lat' dir='ltr'>illic</span> <span class='ocrx_word' id='word_1_128' title='bbox 818 887 1057 929; x_wconf 92' lang='lat' dir='ltr'>obseruata,</span> <span class='ocrx_word' id='word_1_129' title='bbox 1071 885 1108 923; x_wconf 89' lang='lat'>&amp;</span> <span class='ocrx_word' id='word_1_130' title='bbox 1120 897 1197 933; x_wconf 91' lang='lat' dir='ltr'>per</span> <span class='ocrx_word' id='word_1_131' title='bbox 1209 885 1459 923; x_wconf 86' lang='lat' dir='ltr'>Parallaxin</span> <span class='ocrx_word' id='word_1_132' title='bbox 1471 883 1716 925; x_wconf 89' lang='lat' dir='ltr'>emendata,</span> <span class='ocrx_word' id='word_1_133' title='bbox 1734 881 1949 929; x_wconf 89' lang='lat' dir='ltr'>colligitur</span> <span class='ocrx_word' id='word_1_134' title='bbox 1960 880 2046 919; x_wconf 95' lang='lat' dir='ltr'>De-</span> 
     </span>
     <span class='ocr_line' id='line_1_14' title="bbox 400 933 2045 988; baseline -0.004 -9"><span class='ocrx_word' id='word_1_135' title='bbox 400 942 576 980; x_wconf 91' lang='lat' dir='ltr'>clinatio</span> <span class='ocrx_word' id='word_1_136' title='bbox 593 941 705 979; x_wconf 90' lang='lat' dir='ltr'>Solis</span> <span class='ocrx_word' id='word_1_137' title='bbox 722 941 764 978; x_wconf 86' lang='lat' dir='ltr'>P.</span> <span class='ocrx_word' id='word_1_138' title='bbox 781 941 817 978; x_wconf 91' lang='lat'>2.</span> <span class='ocrx_word' id='word_1_139' title='bbox 837 938 861 987; x_wconf 86' lang='lat' dir='ltr'>l.</span> <span class='ocrx_word' id='word_1_140' title='bbox 879 940 942 978; x_wconf 87' lang='grc'>25.</span> <span class='ocrx_word' id='word_1_141' title='bbox 961 938 1004 987; x_wconf 83' lang='lat' dir='ltr'>ll.</span> <span class='ocrx_word' id='word_1_142' title='bbox 1021 939 1084 981; x_wconf 82' lang='lat'>40,</span> <span class='ocrx_word' id='word_1_143' title='bbox 1102 941 1171 976; x_wconf 89' lang='lat' dir='ltr'>cui</span> <span class='ocrx_word' id='word_1_144' title='bbox 1189 935 1203 988; x_wconf 83' lang='grc' dir='ltr'>ΙΙ</span> <span class='ocrx_word' id='word_1_145' title='bbox 1219 939 1416 985; x_wconf 89' lang='lat' dir='ltr'>congruit</span> <span class='ocrx_word' id='word_1_146' title='bbox 1433 936 1679 984; x_wconf 89' lang='lat' dir='ltr'>Longitudo</span> <span class='ocrx_word' id='word_1_147' title='bbox 1697 935 1751 974; x_wconf 89' lang='lat' dir='ltr'>G.</span> <span class='ocrx_word' id='word_1_148' title='bbox 1769 935 1832 973; x_wconf 88' lang='lat'>23.</span> <span class='ocrx_word' id='word_1_149' title='bbox 1851 933 1876 982; x_wconf 89' lang='grc' dir='ltr'>Ι.</span> <span class='ocrx_word' id='word_1_150' title='bbox 1893 935 1967 974; x_wconf 62' lang='grc' dir='ltr'>54ὲ</span> <span class='ocrx_word' id='word_1_151' title='bbox 1989 936 2045 978; x_wconf 87' lang='grc'>)(.</span> 
     </span>
     <span class='ocr_line' id='line_1_15' title="bbox 399 989 2048 1037; baseline -0.004 -5"><span class='ocrx_word' id='word_1_152' title='bbox 399 996 456 1032; x_wconf 89' lang='lat' dir='ltr'>At</span> <span class='ocrx_word' id='word_1_153' title='bbox 476 994 619 1032; x_wconf 81' lang='lat' dir='ltr'>nostra</span> <span class='ocrx_word' id='word_1_154' title='bbox 638 999 841 1031; x_wconf 88' lang='lat' dir='ltr'>motuum</span> <span class='ocrx_word' id='word_1_155' title='bbox 861 995 971 1031; x_wconf 92' lang='lat' dir='ltr'>ratio</span> <span class='ocrx_word' id='word_1_156' title='bbox 992 993 1064 1030; x_wconf 93' lang='lat' dir='ltr'>dat</span> <span class='ocrx_word' id='word_1_157' title='bbox 1084 992 1232 1029; x_wconf 93' lang='lat' dir='ltr'>locum</span> <span class='ocrx_word' id='word_1_158' title='bbox 1253 991 1365 1029; x_wconf 92' lang='lat' dir='ltr'>Solis</span> <span class='ocrx_word' id='word_1_159' title='bbox 1385 993 1430 1028; x_wconf 92' lang='lat' dir='ltr'>in</span> <span class='ocrx_word' id='word_1_160' title='bbox 1451 990 1513 1028; x_wconf 88' lang='lat'>23.</span> <span class='ocrx_word' id='word_1_161' title='bbox 1533 990 1650 1037; x_wconf 89' lang='lat' dir='ltr'>grad.</span> <span class='ocrx_word' id='word_1_162' title='bbox 1671 989 1734 1027; x_wconf 88' lang='lat'>50.</span> <span class='ocrx_word' id='word_1_163' title='bbox 1756 991 1861 1026; x_wconf 89' lang='lat' dir='ltr'>min.</span> <span class='ocrx_word' id='word_1_164' title='bbox 1890 990 1946 1032; x_wconf 87' lang='lat'>)(,</span> <span class='ocrx_word' id='word_1_165' title='bbox 1972 989 2048 1035; x_wconf 88' lang='lat' dir='ltr'>qui</span> 
     </span>
     <span class='ocr_line' id='line_1_16' title="bbox 398 1040 2048 1093; baseline -0.005 -7"><span class='ocrx_word' id='word_1_166' title='bbox 398 1048 682 1086; x_wconf 89' lang='lat' dir='ltr'>intermedius</span> <span class='ocrx_word' id='word_1_167' title='bbox 698 1049 867 1093; x_wconf 91' lang='lat' dir='ltr'>vtrique</span> <span class='ocrx_word' id='word_1_168' title='bbox 885 1046 1191 1084; x_wconf 89' lang='lat' dir='ltr'>Obseruationi</span> <span class='ocrx_word' id='word_1_169' title='bbox 1208 1044 1357 1087; x_wconf 84' lang='lat' dir='ltr'>existit;</span> <span class='ocrx_word' id='word_1_170' title='bbox 1381 1043 1530 1090; x_wconf 90' lang='lat' dir='ltr'>Quare</span> <span class='ocrx_word' id='word_1_171' title='bbox 1552 1045 1685 1081; x_wconf 91' lang='lat' dir='ltr'>etiam</span> <span class='ocrx_word' id='word_1_172' title='bbox 1705 1041 1802 1080; x_wconf 88' lang='lat' dir='ltr'>satis</span> <span class='ocrx_word' id='word_1_173' title='bbox 1823 1040 2048 1089; x_wconf 88' lang='lat' dir='ltr'>probabile</span> 
     </span>
     <span class='ocr_line' id='line_1_17' title="bbox 399 1094 2049 1143; baseline -0.005 -4"><span class='ocrx_word' id='word_1_174' title='bbox 399 1102 557 1143; x_wconf 89' lang='lat' dir='ltr'>euadit,</span> <span class='ocrx_word' id='word_1_175' title='bbox 582 1112 684 1138; x_wconf 93' lang='lat' dir='ltr'>eum</span> <span class='ocrx_word' id='word_1_176' title='bbox 707 1099 863 1138; x_wconf 57' lang='lat' dir='ltr'>rectius</span> <span class='ocrx_word' id='word_1_177' title='bbox 886 1099 926 1137; x_wconf 93' lang='lat' dir='ltr'>se</span> <span class='ocrx_word' id='word_1_178' title='bbox 950 1099 1124 1136; x_wconf 91' lang='lat' dir='ltr'>habere.</span> <span class='ocrx_word' id='word_1_179' title='bbox 1150 1098 1321 1135; x_wconf 88' lang='lat' dir='ltr'>Poterat</span> <span class='ocrx_word' id='word_1_180' title='bbox 1345 1103 1493 1135; x_wconf 91' lang='lat' dir='ltr'>autem</span> <span class='ocrx_word' id='word_1_181' title='bbox 1516 1096 1642 1134; x_wconf 85' lang='lat' dir='ltr'>facile</span> <span class='ocrx_word' id='word_1_182' title='bbox 1665 1098 1711 1133; x_wconf 94' lang='lat' dir='ltr'>in</span> <span class='ocrx_word' id='word_1_183' title='bbox 1732 1094 2049 1133; x_wconf 92' lang='lat' dir='ltr'>Obseruatione</span> 
     </span>
     <span class='ocr_line' id='line_1_18' title="bbox 398 1148 2049 1202; baseline -0.004 -10"><span class='ocrx_word' id='word_1_184' title='bbox 398 1154 651 1202; x_wconf 85' lang='lat' dir='ltr'>Augustana</span> <span class='ocrx_word' id='word_1_185' title='bbox 669 1153 995 1200; x_wconf 89' lang='lat' dir='ltr'>sesquialterum</span> <span class='ocrx_word' id='word_1_186' title='bbox 1011 1154 1232 1189; x_wconf 90' lang='lat' dir='ltr'>minutum</span> <span class='ocrx_word' id='word_1_187' title='bbox 1248 1151 1488 1194; x_wconf 86' lang='lat' dir='ltr'>abundare,</span> <span class='ocrx_word' id='word_1_188' title='bbox 1511 1149 1548 1187; x_wconf 89' lang='lat'>&amp;</span> <span class='ocrx_word' id='word_1_189' title='bbox 1568 1148 1829 1187; x_wconf 89' lang='lat' dir='ltr'>tantundem</span> <span class='ocrx_word' id='word_1_190' title='bbox 1849 1149 2049 1195; x_wconf 82' lang='lat' dir='ltr'>proxime</span> 
     </span>
     <span class='ocr_line' id='line_1_19' title="bbox 398 1201 2048 1253; baseline -0.004 -8"><span class='ocrx_word' id='word_1_191' title='bbox 398 1210 443 1245; x_wconf 93' lang='lat' dir='ltr'>in</span> <span class='ocrx_word' id='word_1_192' title='bbox 454 1207 685 1246; x_wconf 89' lang='lat' dir='ltr'>Casellana</span> <span class='ocrx_word' id='word_1_193' title='bbox 697 1206 895 1249; x_wconf 89' lang='lat' dir='ltr'>deficere,</span> <span class='ocrx_word' id='word_1_194' title='bbox 908 1217 996 1253; x_wconf 92' lang='lat' dir='ltr'>qua</span> <span class='ocrx_word' id='word_1_195' title='bbox 1008 1204 1119 1243; x_wconf 67' lang='lat' dir='ltr'>facia</span> <span class='ocrx_word' id='word_1_196' title='bbox 1129 1205 1388 1242; x_wconf 88' lang='lat' dir='ltr'>limitatione</span> <span class='ocrx_word' id='word_1_197' title='bbox 1398 1203 1557 1241; x_wconf 93' lang='lat' dir='ltr'>melius</span> <span class='ocrx_word' id='word_1_198' title='bbox 1566 1204 1758 1240; x_wconf 90' lang='lat' dir='ltr'>inuicem</span> <span class='ocrx_word' id='word_1_199' title='bbox 1768 1201 2048 1240; x_wconf 86' lang='lat' dir='ltr'>consentient.</span> 
     </span>
     <span class='ocr_line' id='line_1_20' title="bbox 398 1254 2049 1306; baseline -0.004 -8"><span class='ocrx_word' id='word_1_200' title='bbox 398 1261 465 1299; x_wconf 92' lang='lat' dir='ltr'>Sic</span> <span class='ocrx_word' id='word_1_201' title='bbox 475 1261 670 1298; x_wconf 92' lang='lat' dir='ltr'>medium</span> <span class='ocrx_word' id='word_1_202' title='bbox 680 1262 792 1297; x_wconf 92' lang='lat' dir='ltr'>inter</span> <span class='ocrx_word' id='word_1_203' title='bbox 801 1265 1015 1306; x_wconf 89' lang='lat' dir='ltr'>vtranque</span> <span class='ocrx_word' id='word_1_204' title='bbox 1026 1258 1381 1296; x_wconf 90' lang='lat' dir='ltr'>Declinationem</span> <span class='ocrx_word' id='word_1_205' title='bbox 1394 1259 1439 1294; x_wconf 89' lang='lat' dir='ltr'>in</span> <span class='ocrx_word' id='word_1_206' title='bbox 1451 1256 1535 1294; x_wconf 90' lang='lat' dir='ltr'>illis</span> <span class='ocrx_word' id='word_1_207' title='bbox 1545 1256 1718 1294; x_wconf 92' lang='lat' dir='ltr'>duobus</span> <span class='ocrx_word' id='word_1_208' title='bbox 1730 1256 1837 1293; x_wconf 92' lang='lat' dir='ltr'>locis</span> <span class='ocrx_word' id='word_1_209' title='bbox 1849 1254 2049 1293; x_wconf 90' lang='lat' dir='ltr'>obserua-</span> 
     </span>
     <span class='ocr_line' id='line_1_21' title="bbox 397 1308 2048 1360; baseline -0.004 -8"><span class='ocrx_word' id='word_1_210' title='bbox 397 1321 485 1352; x_wconf 91' lang='lat' dir='ltr'>tam</span> <span class='ocrx_word' id='word_1_211' title='bbox 499 1314 540 1351; x_wconf 91' lang='lat' dir='ltr'>P.</span> <span class='ocrx_word' id='word_1_212' title='bbox 551 1314 587 1351; x_wconf 91' lang='lat'>2.</span> <span class='ocrx_word' id='word_1_213' title='bbox 601 1312 611 1360; x_wconf 84' lang='lat' dir='ltr'>l</span> <span class='ocrx_word' id='word_1_214' title='bbox 618 1344 624 1351; x_wconf 98' lang='lat'>.</span> <span class='ocrx_word' id='word_1_215' title='bbox 636 1313 686 1351; x_wconf 90' lang='lat'>27</span> <span class='ocrx_word' id='word_1_216' title='bbox 694 1316 721 1356; x_wconf 65' lang='lat' dir='ltr'>J..</span> <span class='ocrx_word' id='word_1_217' title='bbox 734 1313 1073 1360; x_wconf 89' lang='lat' dir='ltr'>Longitudinem</span> <span class='ocrx_word' id='word_1_218' title='bbox 1086 1311 1198 1350; x_wconf 92' lang='lat' dir='ltr'>Solis</span> <span class='ocrx_word' id='word_1_219' title='bbox 1211 1310 1385 1349; x_wconf 89' lang='lat' dir='ltr'>exhibet</span> <span class='ocrx_word' id='word_1_220' title='bbox 1397 1313 1443 1348; x_wconf 90' lang='lat' dir='ltr'>in</span> <span class='ocrx_word' id='word_1_221' title='bbox 1456 1309 1510 1348; x_wconf 90' lang='lat' dir='ltr'>G.</span> <span class='ocrx_word' id='word_1_222' title='bbox 1522 1310 1584 1347; x_wconf 90' lang='lat'>23.</span> <span class='ocrx_word' id='word_1_223' title='bbox 1598 1308 1622 1357; x_wconf 75' lang='lat' dir='ltr'>l.</span> <span class='ocrx_word' id='word_1_224' title='bbox 1633 1309 1684 1347; x_wconf 89' lang='lat'>50</span> <span class='ocrx_word' id='word_1_225' title='bbox 1701 1311 1738 1353; x_wconf 86' lang='lat'>)(</span> <span class='ocrx_word' id='word_1_226' title='bbox 1753 1308 1908 1346; x_wconf 76' lang='lat' dir='ltr'>nostrae</span> <span class='ocrx_word' id='word_1_227' title='bbox 1920 1309 2048 1346; x_wconf 88' lang='lat' dir='ltr'>ratio-</span> 
     </span>
     <span class='ocr_line' id='line_1_22' title="bbox 398 1361 2047 1414; baseline -0.004 -9"><span class='ocrx_word' id='word_1_228' title='bbox 398 1369 605 1406; x_wconf 90' lang='lat' dir='ltr'>cinationi</span> <span class='ocrx_word' id='word_1_229' title='bbox 627 1368 824 1414; x_wconf 91' lang='lat' dir='ltr'>apprime</span> <span class='ocrx_word' id='word_1_230' title='bbox 846 1365 1095 1409; x_wconf 86' lang='lat' dir='ltr'>consonam,</span> <span class='ocrx_word' id='word_1_231' title='bbox 1115 1376 1250 1412; x_wconf 92' lang='lat' dir='ltr'>quam</span> <span class='ocrx_word' id='word_1_232' title='bbox 1270 1370 1419 1402; x_wconf 90' lang='lat' dir='ltr'>tamen</span> <span class='ocrx_word' id='word_1_233' title='bbox 1435 1362 1736 1411; x_wconf 85' lang='lat' dir='ltr'>Alphonsinus</span> <span class='ocrx_word' id='word_1_234' title='bbox 1757 1361 1951 1400; x_wconf 90' lang='lat' dir='ltr'>calculus</span> <span class='ocrx_word' id='word_1_235' title='bbox 1971 1361 2047 1399; x_wconf 90' lang='lat' dir='ltr'>ali-</span> 
     </span>
     <span class='ocr_line' id='line_1_23' title="bbox 398 1414 2047 1468; baseline -0.004 -9"><span class='ocrx_word' id='word_1_236' title='bbox 398 1426 563 1468; x_wconf 90' lang='lat' dir='ltr'>quanto</span> <span class='ocrx_word' id='word_1_237' title='bbox 575 1421 673 1468; x_wconf 92' lang='lat' dir='ltr'>plus</span> <span class='ocrx_word' id='word_1_238' title='bbox 685 1425 841 1467; x_wconf 88' lang='lat' dir='ltr'>quarta</span> <span class='ocrx_word' id='word_1_239' title='bbox 852 1425 973 1467; x_wconf 90' lang='lat' dir='ltr'>parte</span> <span class='ocrx_word' id='word_1_240' title='bbox 985 1418 1144 1466; x_wconf 87' lang='lat' dir='ltr'>gradus</span> <span class='ocrx_word' id='word_1_241' title='bbox 1157 1418 1340 1461; x_wconf 84' lang='lat' dir='ltr'>excedit;</span> <span class='ocrx_word' id='word_1_242' title='bbox 1354 1417 1589 1465; x_wconf 90' lang='lat' dir='ltr'>Copernici</span> <span class='ocrx_word' id='word_1_243' title='bbox 1601 1422 1750 1454; x_wconf 85' lang='lat' dir='ltr'>autem</span> <span class='ocrx_word' id='word_1_244' title='bbox 1761 1415 1811 1454; x_wconf 88' lang='lat'>27</span> <span class='ocrx_word' id='word_1_245' title='bbox 1823 1414 2047 1462; x_wconf 85' lang='lat' dir='ltr'>scrupulis,</span> 
     </span>
     <span class='ocr_line' id='line_1_24' title="bbox 398 1469 2047 1521; baseline -0.004 -9"><span class='ocrx_word' id='word_1_246' title='bbox 398 1474 578 1512; x_wconf 91' lang='lat' dir='ltr'>dimidio</span> <span class='ocrx_word' id='word_1_247' title='bbox 587 1473 676 1512; x_wconf 85' lang='lat' dir='ltr'>fere</span> <span class='ocrx_word' id='word_1_248' title='bbox 686 1473 822 1521; x_wconf 90' lang='lat' dir='ltr'>gradu</span> <span class='ocrx_word' id='word_1_249' title='bbox 830 1473 884 1511; x_wconf 94' lang='lat' dir='ltr'>ab</span> <span class='ocrx_word' id='word_1_250' title='bbox 893 1473 1048 1510; x_wconf 81' lang='lat' dir='ltr'>eadem</span> <span class='ocrx_word' id='word_1_251' title='bbox 1056 1471 1210 1514; x_wconf 83' lang='lat' dir='ltr'>deficit.</span> <span class='ocrx_word' id='word_1_252' title='bbox 1219 1471 1337 1519; x_wconf 89' lang='lat' dir='ltr'>quod</span> <span class='ocrx_word' id='word_1_253' title='bbox 1346 1473 1478 1509; x_wconf 91' lang='lat' dir='ltr'>etiam</span> <span class='ocrx_word' id='word_1_254' title='bbox 1485 1469 1715 1517; x_wconf 90' lang='lat' dir='ltr'>vtrobique</span> <span class='ocrx_word' id='word_1_255' title='bbox 1723 1474 1853 1507; x_wconf 87' lang='lat' dir='ltr'>antea</span> <span class='ocrx_word' id='word_1_256' title='bbox 1860 1469 2047 1516; x_wconf 87' lang='lat' dir='ltr'>contigit.</span> 
     </span>
    </p>
   </div>
   <div class='ocr_carea' id='block_1_3' title="bbox 396 1575 2049 2267">
    <p class='ocr_par' dir='ltr' id='par_1_4' title="bbox 396 1575 2049 2267">
     <span class='ocr_line' id='line_1_25' title="bbox 451 1575 2048 1625; baseline -0.004 -7"><span class='ocrx_word' id='word_1_257' title='bbox 451 1580 534 1619; x_wconf 91' lang='lat' dir='ltr'>Sed</span> <span class='ocrx_word' id='word_1_258' title='bbox 545 1586 589 1618; x_wconf 91' lang='lat' dir='ltr'>vt</span> <span class='ocrx_word' id='word_1_259' title='bbox 601 1592 622 1618; x_wconf 94' lang='lat' dir='ltr'>e</span> <span class='ocrx_word' id='word_1_260' title='bbox 635 1580 786 1618; x_wconf 81' lang='lat' dir='ltr'>nostris</span> <span class='ocrx_word' id='word_1_261' title='bbox 799 1582 931 1617; x_wconf 87' lang='lat' dir='ltr'>etiam</span> <span class='ocrx_word' id='word_1_262' title='bbox 942 1578 1273 1617; x_wconf 89' lang='lat' dir='ltr'>inuentionibus</span> <span class='ocrx_word' id='word_1_263' title='bbox 1285 1577 1451 1625; x_wconf 92' lang='lat' dir='ltr'>aliquid</span> <span class='ocrx_word' id='word_1_264' title='bbox 1468 1577 1551 1615; x_wconf 93' lang='lat' dir='ltr'>hoc</span> <span class='ocrx_word' id='word_1_265' title='bbox 1568 1576 1666 1614; x_wconf 95' lang='lat' dir='ltr'>loco</span> <span class='ocrx_word' id='word_1_266' title='bbox 1682 1577 1728 1613; x_wconf 93' lang='lat' dir='ltr'>in</span> <span class='ocrx_word' id='word_1_267' title='bbox 1743 1575 1940 1613; x_wconf 92' lang='lat' dir='ltr'>medium</span> <span class='ocrx_word' id='word_1_268' title='bbox 1951 1585 2048 1622; x_wconf 92' lang='lat' dir='ltr'>pro-</span> 
     </span>
     <span class='ocr_line' id='line_1_26' title="bbox 398 1629 2049 1679; baseline -0.004 -7"><span class='ocrx_word' id='word_1_269' title='bbox 398 1634 608 1672; x_wconf 88' lang='lat' dir='ltr'>feramus:</span> <span class='ocrx_word' id='word_1_270' title='bbox 641 1634 706 1671; x_wconf 89' lang='lat' dir='ltr'>En</span> <span class='ocrx_word' id='word_1_271' title='bbox 731 1634 934 1671; x_wconf 89' lang='lat' dir='ltr'>dabimus</span> <span class='ocrx_word' id='word_1_272' title='bbox 961 1635 1083 1670; x_wconf 85' lang='lat' dir='ltr'>iuxta</span> <span class='ocrx_word' id='word_1_273' title='bbox 1108 1632 1341 1670; x_wconf 86' lang='lat' dir='ltr'>Solstitium</span> <span class='ocrx_word' id='word_1_274' title='bbox 1369 1631 1634 1679; x_wconf 91' lang='lat' dir='ltr'>Hybernum</span> <span class='ocrx_word' id='word_1_275' title='bbox 1659 1629 1772 1668; x_wconf 92' lang='lat' dir='ltr'>Solis</span> <span class='ocrx_word' id='word_1_276' title='bbox 1797 1633 2049 1667; x_wconf 88' lang='lat' dir='ltr'>accuratam</span> 
     </span>
     <span class='ocr_line' id='line_1_27' title="bbox 399 1682 2048 1734; baseline -0.004 -9"><span class='ocrx_word' id='word_1_277' title='bbox 399 1687 774 1731; x_wconf 89' lang='lat' dir='ltr'>Obseruationem,</span> <span class='ocrx_word' id='word_1_278' title='bbox 796 1687 1007 1734; x_wconf 89' lang='lat' dir='ltr'>peculiari</span> <span class='ocrx_word' id='word_1_279' title='bbox 1029 1686 1222 1733; x_wconf 91' lang='lat' dir='ltr'>quadam</span> <span class='ocrx_word' id='word_1_280' title='bbox 1241 1687 1410 1723; x_wconf 91' lang='lat' dir='ltr'>ratione</span> <span class='ocrx_word' id='word_1_281' title='bbox 1427 1685 1562 1721; x_wconf 89' lang='lat' dir='ltr'>Anno</span> <span class='ocrx_word' id='word_1_282' title='bbox 1579 1683 1674 1721; x_wconf 88' lang='grc'>1586</span> <span class='ocrx_word' id='word_1_283' title='bbox 1690 1682 1937 1725; x_wconf 80' lang='lat' dir='ltr'>institutam,</span> <span class='ocrx_word' id='word_1_284' title='bbox 1959 1693 2048 1729; x_wconf 91' lang='lat' dir='ltr'>quo</span> 
     </span>
     <span class='ocr_line' id='line_1_28' title="bbox 398 1736 2048 1788; baseline -0.004 -9"><span class='ocrx_word' id='word_1_285' title='bbox 398 1743 510 1779; x_wconf 89' lang='lat' dir='ltr'>circa</span> <span class='ocrx_word' id='word_1_286' title='bbox 534 1741 776 1788; x_wconf 85' lang='lat' dir='ltr'>Perigaeum</span> <span class='ocrx_word' id='word_1_287' title='bbox 800 1742 894 1778; x_wconf 91' lang='lat' dir='ltr'>eius</span> <span class='ocrx_word' id='word_1_288' title='bbox 917 1742 1049 1777; x_wconf 85' lang='lat' dir='ltr'>etiam</span> <span class='ocrx_word' id='word_1_289' title='bbox 1072 1745 1217 1776; x_wconf 91' lang='lat' dir='ltr'>motus</span> <span class='ocrx_word' id='word_1_290' title='bbox 1241 1740 1528 1778; x_wconf 88' lang='lat' dir='ltr'>examinetur.</span> <span class='ocrx_word' id='word_1_291' title='bbox 1555 1748 1609 1774; x_wconf 92' lang='lat' dir='ltr'>ne</span> <span class='ocrx_word' id='word_1_292' title='bbox 1634 1738 1731 1784; x_wconf 90' lang='lat' dir='ltr'>quis</span> <span class='ocrx_word' id='word_1_293' title='bbox 1754 1736 1941 1784; x_wconf 84' lang='lat' dir='ltr'>obijciat.</span> <span class='ocrx_word' id='word_1_294' title='bbox 1966 1746 2048 1773; x_wconf 94' lang='lat' dir='ltr'>nos</span> 
     </span>
     <span class='ocr_line' id='line_1_29' title="bbox 398 1790 2048 1841; baseline -0.004 -9"><span class='ocrx_word' id='word_1_295' title='bbox 398 1794 503 1832; x_wconf 90' lang='lat' dir='ltr'>locis</span> <span class='ocrx_word' id='word_1_296' title='bbox 524 1794 792 1841; x_wconf 89' lang='lat' dir='ltr'>intermedijs</span> <span class='ocrx_word' id='word_1_297' title='bbox 813 1795 926 1831; x_wconf 89' lang='lat' dir='ltr'>circa</span> <span class='ocrx_word' id='word_1_298' title='bbox 941 1791 1223 1840; x_wconf 67' lang='lat' dir='ltr'>AEquinociia</span> <span class='ocrx_word' id='word_1_299' title='bbox 1243 1791 1382 1829; x_wconf 92' lang='lat' dir='ltr'>solum</span> <span class='ocrx_word' id='word_1_300' title='bbox 1403 1793 1474 1832; x_wconf 80' lang='lat' dir='ltr'>vti.</span> <span class='ocrx_word' id='word_1_301' title='bbox 1492 1790 1563 1828; x_wconf 92' lang='lat' dir='ltr'>vbi</span> <span class='ocrx_word' id='word_1_302' title='bbox 1585 1790 1767 1828; x_wconf 91' lang='lat' dir='ltr'>euidens</span> <span class='ocrx_word' id='word_1_303' title='bbox 1787 1791 1833 1826; x_wconf 92' lang='lat' dir='ltr'>in</span> <span class='ocrx_word' id='word_1_304' title='bbox 1851 1790 2048 1836; x_wconf 84' lang='lat' dir='ltr'>Apogaeo</span> 
     </span>
     <span class='ocr_line' id='line_1_30' title="bbox 397 1841 2048 1895; baseline -0.004 -10"><span class='ocrx_word' id='word_1_305' title='bbox 397 1848 465 1885; x_wconf 93' lang='lat' dir='ltr'>vel</span> <span class='ocrx_word' id='word_1_306' title='bbox 488 1848 681 1895; x_wconf 85' lang='lat' dir='ltr'>Perigaeo</span> <span class='ocrx_word' id='word_1_307' title='bbox 705 1848 934 1888; x_wconf 84' lang='lat' dir='ltr'>aberratio.</span> <span class='ocrx_word' id='word_1_308' title='bbox 958 1858 1059 1893; x_wconf 79' lang='lat' dir='ltr'>quae</span> <span class='ocrx_word' id='word_1_309' title='bbox 1084 1848 1216 1884; x_wconf 86' lang='lat' dir='ltr'>etiarn</span> <span class='ocrx_word' id='word_1_310' title='bbox 1239 1845 1406 1892; x_wconf 89' lang='lat' dir='ltr'>aliquot</span> <span class='ocrx_word' id='word_1_311' title='bbox 1429 1844 1474 1882; x_wconf 87' lang='lat' dir='ltr'>fit</span> <span class='ocrx_word' id='word_1_312' title='bbox 1497 1844 1726 1892; x_wconf 86' lang='lat' dir='ltr'>graduum.</span> <span class='ocrx_word' id='word_1_313' title='bbox 1752 1841 2048 1880; x_wconf 84' lang='lat' dir='ltr'>insensibiliter</span> 
     </span>
     <span class='ocr_line' id='line_1_31' title="bbox 397 1895 2047 1948; baseline -0.004 -9"><span class='ocrx_word' id='word_1_314' title='bbox 397 1901 568 1938; x_wconf 91' lang='lat' dir='ltr'>cursum</span> <span class='ocrx_word' id='word_1_315' title='bbox 585 1901 697 1939; x_wconf 92' lang='lat' dir='ltr'>Solis</span> <span class='ocrx_word' id='word_1_316' title='bbox 718 1906 1005 1948; x_wconf 90' lang='lat' dir='ltr'>apparentem</span> <span class='ocrx_word' id='word_1_317' title='bbox 1021 1901 1172 1941; x_wconf 80' lang='lat' dir='ltr'>variat.</span> <span class='ocrx_word' id='word_1_318' title='bbox 1195 1905 1237 1936; x_wconf 93' lang='lat' dir='ltr'>vt</span> <span class='ocrx_word' id='word_1_319' title='bbox 1258 1899 1313 1936; x_wconf 94' lang='lat' dir='ltr'>ob</span> <span class='ocrx_word' id='word_1_320' title='bbox 1334 1899 1376 1936; x_wconf 90' lang='lat' dir='ltr'>id</span> <span class='ocrx_word' id='word_1_321' title='bbox 1398 1898 1547 1936; x_wconf 89' lang='lat' dir='ltr'>saltem</span> <span class='ocrx_word' id='word_1_322' title='bbox 1564 1897 1681 1934; x_wconf 91' lang='lat' dir='ltr'>illinc</span> <span class='ocrx_word' id='word_1_323' title='bbox 1699 1895 1901 1934; x_wconf 89' lang='lat' dir='ltr'>concludi</span> <span class='ocrx_word' id='word_1_324' title='bbox 1917 1895 2047 1943; x_wconf 82' lang='lat' dir='ltr'>poBit,</span> 
     </span>
     <span class='ocr_line' id='line_1_32' title="bbox 398 1951 2047 1999; baseline -0.004 -7"><span class='ocrx_word' id='word_1_325' title='bbox 398 1954 767 1992; x_wconf 89' lang='lat' dir='ltr'>Eccentricitatem</span> <span class='ocrx_word' id='word_1_326' title='bbox 794 1953 982 1991; x_wconf 89' lang='lat' dir='ltr'>nostram</span> <span class='ocrx_word' id='word_1_327' title='bbox 1008 1952 1119 1991; x_wconf 71' lang='lat' dir='ltr'>recle</span> <span class='ocrx_word' id='word_1_328' title='bbox 1145 1952 1184 1990; x_wconf 92' lang='lat' dir='ltr'>se</span> <span class='ocrx_word' id='word_1_329' title='bbox 1211 1952 1386 1993; x_wconf 80' lang='lat' dir='ltr'>habere,</span> <span class='ocrx_word' id='word_1_330' title='bbox 1413 1953 1660 1999; x_wconf 82' lang='lat' dir='ltr'>Apogaeum</span> <span class='ocrx_word' id='word_1_331' title='bbox 1685 1961 1790 1987; x_wconf 89' lang='lat' dir='ltr'>vero</span> <span class='ocrx_word' id='word_1_332' title='bbox 1815 1960 1907 1987; x_wconf 93' lang='lat' dir='ltr'>non</span> <span class='ocrx_word' id='word_1_333' title='bbox 1932 1951 2047 1986; x_wconf 90' lang='lat' dir='ltr'>item.</span> 
     </span>
     <span class='ocr_line' id='line_1_33' title="bbox 397 2001 2049 2054; baseline -0.004 -9"><span class='ocrx_word' id='word_1_334' title='bbox 397 2007 546 2053; x_wconf 90' lang='lat' dir='ltr'>Quare</span> <span class='ocrx_word' id='word_1_335' title='bbox 568 2008 605 2045; x_wconf 89' lang='lat'>&amp;</span> <span class='ocrx_word' id='word_1_336' title='bbox 627 2009 739 2045; x_wconf 91' lang='lat' dir='ltr'>circa</span> <span class='ocrx_word' id='word_1_337' title='bbox 763 2007 997 2045; x_wconf 81' lang='lat' dir='ltr'>Solstitium</span> <span class='ocrx_word' id='word_1_338' title='bbox 1021 2006 1256 2054; x_wconf 81' lang='lat' dir='ltr'>praesertim</span> <span class='ocrx_word' id='word_1_339' title='bbox 1281 2005 1546 2053; x_wconf 90' lang='lat' dir='ltr'>Hybernum</span> <span class='ocrx_word' id='word_1_340' title='bbox 1570 2004 1706 2051; x_wconf 88' lang='lat' dir='ltr'>(quod</span> <span class='ocrx_word' id='word_1_341' title='bbox 1729 2003 1888 2040; x_wconf 91' lang='lat' dir='ltr'>melius</span> <span class='ocrx_word' id='word_1_342' title='bbox 1910 2004 1956 2040; x_wconf 91' lang='lat' dir='ltr'>in</span> <span class='ocrx_word' id='word_1_343' title='bbox 1980 2001 2049 2039; x_wconf 91' lang='lat' dir='ltr'>his</span> 
     </span>
     <span class='ocr_line' id='line_1_34' title="bbox 397 2056 2049 2106; baseline -0.003 -8"><span class='ocrx_word' id='word_1_344' title='bbox 397 2060 654 2098; x_wconf 88' lang='lat' dir='ltr'>Borealibus</span> <span class='ocrx_word' id='word_1_345' title='bbox 669 2061 774 2098; x_wconf 93' lang='lat' dir='ltr'>locis</span> <span class='ocrx_word' id='word_1_346' title='bbox 787 2060 1094 2098; x_wconf 87' lang='lat' dir='ltr'>Obseruationi</span> <span class='ocrx_word' id='word_1_347' title='bbox 1107 2065 1234 2106; x_wconf 83' lang='lat' dir='ltr'>patet.</span> <span class='ocrx_word' id='word_1_348' title='bbox 1253 2070 1387 2106; x_wconf 91' lang='lat' dir='ltr'>quam</span> <span class='ocrx_word' id='word_1_349' title='bbox 1400 2057 1631 2098; x_wconf 78' lang='lat' dir='ltr'>AEffiuum:</span> <span class='ocrx_word' id='word_1_350' title='bbox 1649 2057 1780 2104; x_wconf 88' lang='lat' dir='ltr'>idque</span> <span class='ocrx_word' id='word_1_351' title='bbox 1793 2056 1848 2094; x_wconf 94' lang='lat' dir='ltr'>ob</span> <span class='ocrx_word' id='word_1_352' title='bbox 1861 2057 2049 2094; x_wconf 90' lang='lat' dir='ltr'>nimium</span> 
     </span>
     <span class='ocr_line' id='line_1_35' title="bbox 396 2108 2048 2159; baseline -0.003 -8"><span class='ocrx_word' id='word_1_353' title='bbox 396 2114 562 2151; x_wconf 92' lang='lat' dir='ltr'>lucidas</span> <span class='ocrx_word' id='word_1_354' title='bbox 584 2113 756 2155; x_wconf 68' lang='lat' dir='ltr'>Nocles,</span> <span class='ocrx_word' id='word_1_355' title='bbox 779 2113 816 2150; x_wconf 85' lang='lat'>&amp;</span> <span class='ocrx_word' id='word_1_356' title='bbox 838 2114 1053 2151; x_wconf 90' lang='lat' dir='ltr'>diutinam</span> <span class='ocrx_word' id='word_1_357' title='bbox 1076 2113 1187 2151; x_wconf 89' lang='lat' dir='ltr'>Solis</span> <span class='ocrx_word' id='word_1_358' title='bbox 1212 2112 1336 2159; x_wconf 91' lang='lat' dir='ltr'>super</span> <span class='ocrx_word' id='word_1_359' title='bbox 1359 2112 1651 2149; x_wconf 85' lang='lat' dir='ltr'>Horizontem</span> <span class='ocrx_word' id='word_1_360' title='bbox 1673 2121 1858 2151; x_wconf 82' lang='lat' dir='ltr'>moram.</span> <span class='ocrx_word' id='word_1_361' title='bbox 1880 2108 1918 2146; x_wconf 85' lang='lat'>&amp;</span> <span class='ocrx_word' id='word_1_362' title='bbox 1938 2108 2048 2147; x_wconf 85' lang='lat' dir='ltr'>alias</span> 
     </span>
     <span class='ocr_line' id='line_1_36' title="bbox 398 2162 2048 2214; baseline -0.003 -10"><span class='ocrx_word' id='word_1_363' title='bbox 398 2169 527 2204; x_wconf 86' lang='lat' dir='ltr'>etiam</span> <span class='ocrx_word' id='word_1_364' title='bbox 553 2167 607 2204; x_wconf 94' lang='lat' dir='ltr'>ob</span> <span class='ocrx_word' id='word_1_365' title='bbox 631 2167 793 2209; x_wconf 79' lang='lat' dir='ltr'>causas.</span> <span class='ocrx_word' id='word_1_366' title='bbox 821 2179 920 2214; x_wconf 86' lang='lat' dir='ltr'>quae</span> <span class='ocrx_word' id='word_1_367' title='bbox 946 2179 1038 2204; x_wconf 91' lang='lat' dir='ltr'>non</span> <span class='ocrx_word' id='word_1_368' title='bbox 1062 2168 1286 2213; x_wconf 86' lang='lat' dir='ltr'>patiuntur</span> <span class='ocrx_word' id='word_1_369' title='bbox 1309 2166 1492 2203; x_wconf 93' lang='lat' dir='ltr'>modum</span> <span class='ocrx_word' id='word_1_370' title='bbox 1515 2164 1700 2203; x_wconf 79' lang='lat' dir='ltr'>Solstitia</span> <span class='ocrx_word' id='word_1_371' title='bbox 1724 2162 1999 2202; x_wconf 91' lang='lat' dir='ltr'>Obseruandi</span> <span class='ocrx_word' id='word_1_372' title='bbox 2021 2173 2048 2199; x_wconf 88' lang='lat' dir='ltr'>a</span> 
     </span>
     <span class='ocr_line' id='line_1_37' title="bbox 398 2215 2047 2267; baseline -0.002 -10"><span class='ocrx_word' id='word_1_373' title='bbox 398 2221 523 2257; x_wconf 90' lang='lat' dir='ltr'>nobis</span> <span class='ocrx_word' id='word_1_374' title='bbox 545 2223 847 2267; x_wconf 80' lang='lat' dir='ltr'>excogitatum.</span> <span class='ocrx_word' id='word_1_375' title='bbox 869 2231 996 2266; x_wconf 72' lang='lat' dir='ltr'>aeque</span> <span class='ocrx_word' id='word_1_376' title='bbox 1019 2219 1167 2257; x_wconf 79' lang='lat' dir='ltr'>aeniuo</span> <span class='ocrx_word' id='word_1_377' title='bbox 1187 2226 1317 2266; x_wconf 88' lang='lat' dir='ltr'>atque</span> <span class='ocrx_word' id='word_1_378' title='bbox 1335 2218 1532 2256; x_wconf 88' lang='lat' dir='ltr'>Brumali</span> <span class='ocrx_word' id='word_1_379' title='bbox 1549 2224 1744 2265; x_wconf 89' lang='lat' dir='ltr'>tempore</span> <span class='ocrx_word' id='word_1_380' title='bbox 1762 2215 1970 2261; x_wconf 89' lang='lat' dir='ltr'>exerceri)</span> <span class='ocrx_word' id='word_1_381' title='bbox 1987 2215 2047 2253; x_wconf 93' lang='lat' dir='ltr'>id-</span> 
     </span>
    </p>
   </div>
   <div class='ocr_carea' id='block_1_4' title="bbox 398 2273 2048 2576">
    <p class='ocr_par' dir='ltr' id='par_1_5' title="bbox 398 2273 873 2320">
     <span class='ocr_line' id='line_1_38' title="bbox 398 2273 873 2320; baseline 0 -10"><span class='ocrx_word' id='word_1_382' title='bbox 398 2273 535 2320; x_wconf 88' lang='lat' dir='ltr'>ipsum</span> <span class='ocrx_word' id='word_1_383' title='bbox 553 2274 873 2310; x_wconf 87' lang='lat' dir='ltr'>attentabimus.</span> 
     </span>
    </p>

    <p class='ocr_par' dir='ltr' id='par_1_6' title="bbox 398 2321 2048 2533">
     <span class='ocr_line' id='line_1_39' title="bbox 451 2321 2048 2367; baseline -0.003 -3"><span class='ocrx_word' id='word_1_384' title='bbox 451 2328 584 2363; x_wconf 81' lang='lat' dir='ltr'>Anno</span> <span class='ocrx_word' id='word_1_385' title='bbox 607 2329 693 2364; x_wconf 88' lang='lat' dir='ltr'>iarn</span> <span class='ocrx_word' id='word_1_386' title='bbox 716 2325 828 2364; x_wconf 70' lang='lat' dir='ltr'>dic&#39;to</span> <span class='ocrx_word' id='word_1_387' title='bbox 850 2326 956 2367; x_wconf 81' lang='grc'>1586,</span> <span class='ocrx_word' id='word_1_388' title='bbox 979 2326 1063 2363; x_wconf 92' lang='lat' dir='ltr'>Die</span> <span class='ocrx_word' id='word_1_389' title='bbox 1085 2325 1108 2362; x_wconf 87' lang='lat'>2</span> <span class='ocrx_word' id='word_1_390' title='bbox 1131 2325 1398 2366; x_wconf 83' lang='lat' dir='ltr'>Decembris.</span> <span class='ocrx_word' id='word_1_391' title='bbox 1421 2324 1651 2362; x_wconf 88' lang='lat' dir='ltr'>obseruaui</span> <span class='ocrx_word' id='word_1_392' title='bbox 1674 2323 1821 2361; x_wconf 92' lang='lat' dir='ltr'>Solem</span> <span class='ocrx_word' id='word_1_393' title='bbox 1843 2321 2048 2360; x_wconf 89' lang='lat' dir='ltr'>Meridiei</span> 
     </span>
     <span class='ocr_line' id='line_1_40' title="bbox 398 2377 2047 2426; baseline -0.003 -9"><span class='ocrx_word' id='word_1_394' title='bbox 398 2378 606 2426; x_wconf 63' lang='lat' dir='ltr'>punfflum</span> <span class='ocrx_word' id='word_1_395' title='bbox 625 2380 831 2421; x_wconf 81' lang='lat' dir='ltr'>obtinere,</span> <span class='ocrx_word' id='word_1_396' title='bbox 850 2391 949 2417; x_wconf 90' lang='lat' dir='ltr'>cum</span> <span class='ocrx_word' id='word_1_397' title='bbox 966 2379 1101 2426; x_wconf 86' lang='lat' dir='ltr'>gradu</span> <span class='ocrx_word' id='word_1_398' title='bbox 1118 2378 1370 2425; x_wconf 86' lang='lat' dir='ltr'>AEquatoris</span> <span class='ocrx_word' id='word_1_399' title='bbox 1387 2378 1476 2418; x_wconf 82' lang='lat'>259.</span> <span class='ocrx_word' id='word_1_400' title='bbox 1494 2380 1598 2415; x_wconf 90' lang='lat' dir='ltr'>min.</span> <span class='ocrx_word' id='word_1_401' title='bbox 1616 2377 1667 2414; x_wconf 87' lang='lat'>20</span> <span class='ocrx_word' id='word_1_402' title='bbox 1683 2387 1816 2424; x_wconf 87' lang='lat' dir='ltr'>quarn</span> <span class='ocrx_word' id='word_1_403' title='bbox 1835 2377 2047 2423; x_wconf 86' lang='lat' dir='ltr'>proxime.</span> 
     </span>
     <span class='ocr_line' id='line_1_41' title="bbox 398 2427 2047 2480; baseline -0.002 -10"><span class='ocrx_word' id='word_1_404' title='bbox 398 2434 528 2480; x_wconf 91' lang='lat' dir='ltr'>idque</span> <span class='ocrx_word' id='word_1_405' title='bbox 550 2433 930 2470; x_wconf 84' lang='lat' dir='ltr'>animaduerfione</span> <span class='ocrx_word' id='word_1_406' title='bbox 952 2432 1143 2479; x_wconf 87' lang='lat' dir='ltr'>diligenti</span> <span class='ocrx_word' id='word_1_407' title='bbox 1166 2430 1276 2469; x_wconf 73' lang='lat' dir='ltr'>fac‘la</span> <span class='ocrx_word' id='word_1_408' title='bbox 1298 2443 1428 2468; x_wconf 83' lang='lat' dir='ltr'>mane</span> <span class='ocrx_word' id='word_1_409' title='bbox 1446 2431 1482 2468; x_wconf 88' lang='lat'>&amp;</span> <span class='ocrx_word' id='word_1_410' title='bbox 1500 2430 1677 2477; x_wconf 82' lang='lat' dir='ltr'>vesperi.</span> <span class='ocrx_word' id='word_1_411' title='bbox 1700 2429 1754 2467; x_wconf 89' lang='lat' dir='ltr'>ad</span> <span class='ocrx_word' id='word_1_412' title='bbox 1777 2429 1895 2467; x_wconf 88' lang='lat' dir='ltr'>Iouis</span> <span class='ocrx_word' id='word_1_413' title='bbox 1911 2428 1948 2466; x_wconf 70' lang='grc' dir='ltr'>ἀ</span> <span class='ocrx_word' id='word_1_414' title='bbox 1966 2427 2047 2466; x_wconf 89' lang='lat' dir='ltr'>Ve-</span> 
     </span>
     <span class='ocr_line' id='line_1_42' title="bbox 398 2480 2048 2533; baseline -0.003 -9"><span class='ocrx_word' id='word_1_415' title='bbox 398 2489 513 2523; x_wconf 89' lang='lat' dir='ltr'>neris</span> <span class='ocrx_word' id='word_1_416' title='bbox 526 2498 601 2533; x_wconf 89' lang='lat' dir='ltr'>per</span> <span class='ocrx_word' id='word_1_417' title='bbox 613 2486 767 2524; x_wconf 88' lang='lat' dir='ltr'>Stellas</span> <span class='ocrx_word' id='word_1_418' title='bbox 781 2486 907 2523; x_wconf 85' lang='lat' dir='ltr'>Fixas</span> <span class='ocrx_word' id='word_1_419' title='bbox 920 2484 1109 2522; x_wconf 67' lang='lat' dir='ltr'>correc‘ta</span> <span class='ocrx_word' id='word_1_420' title='bbox 1125 2485 1232 2525; x_wconf 89' lang='lat' dir='ltr'>loca.</span> <span class='ocrx_word' id='word_1_421' title='bbox 1251 2485 1484 2522; x_wconf 86' lang='lat' dir='ltr'>collatione</span> <span class='ocrx_word' id='word_1_422' title='bbox 1498 2486 1628 2521; x_wconf 81' lang='lat' dir='ltr'>etiam</span> <span class='ocrx_word' id='word_1_423' title='bbox 1642 2494 1741 2520; x_wconf 87' lang='lat' dir='ltr'>curn</span> <span class='ocrx_word' id='word_1_424' title='bbox 1755 2480 2048 2520; x_wconf 86' lang='lat' dir='ltr'>inerrantibus</span> 
     </span>
    </p>

    <p class='ocr_par' dir='ltr' id='par_1_7' title="bbox 1885 2534 2047 2576">
     <span class='ocr_line' id='line_1_43' title="bbox 1885 2534 2047 2576; baseline 0.025 -4"><span class='ocrx_word' id='word_1_425' title='bbox 1885 2534 2047 2576; x_wconf 84' lang='lat' dir='ltr'>habita.</span> 
     </span>
    </p>
   </div>
   <div class='ocr_carea' id='block_1_5' title="bbox 2100 516 2116 541">
    <p class='ocr_par' dir='ltr' id='par_1_8' title="bbox 2100 516 2116 541">
     <span class='ocr_line' id='line_1_44' title="bbox 2100 516 2116 541; baseline 0 0"><span class='ocrx_word' id='word_1_426' title='bbox 2100 516 2116 541; x_wconf 88' lang='grc'>5</span> 
     </span>
    </p>
   </div>
   <div class='ocr_carea' id='block_1_6' title="bbox 2083 622 2103 653">
    <p class='ocr_par' dir='ltr' id='par_1_9' title="bbox 2083 622 2103 653">
     <span class='ocr_line' id='line_1_45' title="bbox 2083 622 2103 653; baseline 0 0"><span class='ocrx_word' id='word_1_427' title='bbox 2083 622 2103 653; x_wconf 80' lang='lat'>†</span> 
     </span>
    </p>
   </div>
   <div class='ocr_carea' id='block_1_7' title="bbox 2087 781 2117 806">
    <p class='ocr_par' dir='ltr' id='par_1_10' title="bbox 2087 781 2117 806">
     <span class='ocr_line' id='line_1_46' title="bbox 2087 781 2117 806; baseline 0 0"><span class='ocrx_word' id='word_1_428' title='bbox 2087 781 2117 806; x_wconf 90' lang='grc'>10</span> 
     </span>
    </p>
   </div>
   <div class='ocr_carea' id='block_1_8' title="bbox 2080 941 2120 971">
    <p class='ocr_par' dir='ltr' id='par_1_11' title="bbox 2080 941 2120 971">
     <span class='ocr_line' id='line_1_47' title="bbox 2080 941 2120 971; baseline 0 0"><span class='ocrx_word' id='word_1_429' title='bbox 2080 941 2120 971; x_wconf 93' lang='grc'>77</span> 
     </span>
    </p>
   </div>
   <div class='ocr_carea' id='block_1_9' title="bbox 2089 1048 2119 1074">
    <p class='ocr_par' dir='ltr' id='par_1_12' title="bbox 2089 1048 2119 1074">
     <span class='ocr_line' id='line_1_48' title="bbox 2089 1048 2119 1074; baseline 0.033 -1"><span class='ocrx_word' id='word_1_430' title='bbox 2089 1048 2119 1074; x_wconf 89' lang='grc'>15</span> 
     </span>
    </p>
   </div>
   <div class='ocr_carea' id='block_1_10' title="bbox 2086 1635 2119 1660">
    <p class='ocr_par' dir='ltr' id='par_1_13' title="bbox 2086 1635 2119 1660">
     <span class='ocr_line' id='line_1_49' title="bbox 2086 1635 2119 1660; baseline 0 0"><span class='ocrx_word' id='word_1_431' title='bbox 2086 1635 2119 1660; x_wconf 85' lang='grc'>25</span> 
     </span>
    </p>
   </div>
   <div class='ocr_carea' id='block_1_11' title="bbox 2085 1901 2119 1928">
    <p class='ocr_par' dir='ltr' id='par_1_14' title="bbox 2085 1901 2119 1928">
     <span class='ocr_line' id='line_1_50' title="bbox 2085 1901 2119 1928; baseline 0 0"><span class='ocrx_word' id='word_1_432' title='bbox 2085 1901 2119 1928; x_wconf 78' lang='lat'>³0</span> 
     </span>
    </p>
   </div>
   <div class='ocr_carea' id='block_1_12' title="bbox 2085 2168 2119 2194">
    <p class='ocr_par' dir='ltr' id='par_1_15' title="bbox 2085 2168 2119 2194">
     <span class='ocr_line' id='line_1_51' title="bbox 2085 2168 2119 2194; baseline 0 0"><span class='ocrx_word' id='word_1_433' title='bbox 2085 2168 2119 2194; x_wconf 75' lang='lat'>33</span> 
     </span>
    </p>
   </div>
   <div class='ocr_carea' id='block_1_13' title="bbox 2085 2434 2119 2459">
    <p class='ocr_par' dir='ltr' id='par_1_16' title="bbox 2085 2434 2119 2459">
     <span class='ocr_line' id='line_1_52' title="bbox 2085 2434 2119 2459; baseline 0 0"><span class='ocrx_word' id='word_1_434' title='bbox 2085 2434 2119 2459; x_wconf 76' lang='lat'>⁴0</span> 
     </span>
    </p>
   </div>
  </div>
 </body>
</html>
