2243 3225
394 207 471 245 246
769 198 1222 240 ASTRONOMIAE
1243 196 1665 236 INSTAURATAE

446 312 565 349 Prior
589 312 665 347 erit
688 308 914 346 Pleiadum
937 306 1150 354 postrema
1172 304 1245 342 seu
1267 303 1468 347 lucidior;
1495 314 1631 350 quam
1653 302 1938 341 Timochares
1961 315 2038 351 per

395 366 565 402 Lunam
586 362 810 400 adinuenit
829 360 990 398 habere
1008 358 1304 397 Latitudinem
1320 357 1418 394 Bor.
1436 357 1479 394 P.
1496 356 1532 395 3.
1552 354 1577 404 l.
1594 356 1658 400 40,
1680 368 1781 394 cum
1796 356 2038 395 versaretur

393 420 437 454 in
454 416 603 453 vltimo
618 421 662 454 V
677 413 824 461 gradu.
843 413 962 450 Idem
979 423 1156 459 quoque
1170 409 1435 448 AGRINVS
1452 409 1603 457 (quem
1619 409 1690 457 alij
1705 410 1948 457 Agrippam
1962 421 2037 448 vo·
2074 417 2094 449 †

393 469 506 514 cant)
524 471 568 506 in
586 468 789 509 Bithinia,
808 468 938 503 etiam
955 477 1008 502 ex
1024 465 1151 502 Luna
1167 463 1479 511 depraehendit‚
1499 463 1680 510 quando
1697 462 1830 501 Stella
1845 463 1941 501 haec
1956 469 2036 501 ter-

392 525 501 560 tium
521 533 577 569 gr.
601 522 641 564 *ό
662 522 750 558 iam
771 518 945 557 emensa
965 517 1086 555 soret.
1110 517 1204 555 Nos
1225 528 1330 554 vero
1351 516 1539 555 eandem
1558 518 1605 554 in
1625 516 1668 554 P.
1686 516 1759 556 24}
1780 519 1821 561 ὅ
1841 515 2036 564 pofitam,
2074 529 2090 555 5

393 574 684 613 Latitudinem
706 573 899 610 obtinere
916 572 1014 609 Bor.
1032 571 1074 608 P.
1091 570 1127 608 3.
1147 569 1171 617 l.
1189 570 1239 608 55
1260 571 1415 617 iugiter
1436 569 1782 607 obseruauimus.
1803 570 1941 608 Auxit
1960 571 2037 608 ita-

392 640 476 675 que
500 627 715 665 discessum
736 625 790 663 ab
811 625 1018 672 Ecliptica
1039 635 1116 671 per
1139 628 1341 671 quartam
1363 623 1523 671 gradus
1545 628 1727 670 partem,
1750 622 1886 661 veluti
1906 622 1944 661 ἃ
1964 622 2038 662 ille

392 681 513 719 locus
534 682 574 724 ὅ
595 679 950 717 Declinationem
965 677 1088 715 suam
1104 676 1345 720 alterand0‚
1362 688 1389 714 a
1405 675 1537 714 Stella
1554 675 1638 714 hac
1653 676 1861 714 recedens
1872 675 2037 724 AEqua-

391 736 473 772 tori
489 734 667 780 propius
684 733 856 770 accessit.

445 786 513 825 Sic
529 786 567 823 &
583 786 730 829 altera,
753 796 853 831 quae
875 784 929 822 est
946 783 1172 821 Borealior
1192 784 1324 820 trium
1345 784 1390 820 in
1411 782 1553 820 fronte
1575 788 1632 831 m,
1648 781 1916 826 Timochari,
1937 793 2039 821 cum
2078 794 2108 820 ιο

392 840 484 877 esset
500 841 545 876 in
561 839 603 876 P.
620 839 644 876 2
666 845 720 885 ῐη,
738 837 826 876 visa
842 837 897 875 est
913 836 1075 875 habere
1092 837 1215 874 Latit.
1233 841 1340 883 part.
1358 836 1384 873 1.
1404 834 1429 883 l.
1446 835 1498 874 20
1515 836 1613 874 Bor.
1632 835 1843 874 Menelao
1859 847 2038 884 quoque

392 893 643 931 Geometrae
660 891 873 933 Romano,
892 891 964 928 vbi
979 889 1222 928 versaretur
1237 891 1283 927 in
1298 888 1387 927 fine
1403 889 1446 927 P.
1464 889 1488 927 6
1510 895 1549 937 m
1571 889 1689 927 idem
1704 891 1920 938 apparuit.
1942 889 2038 928 Nos

390 952 538 984 tamen
558 944 702 983 Stellae
723 944 855 982 huius
872 940 886 993 ΙΙ
903 944 1197 982 Latitudinem
1217 954 1336 981 nunc
1356 942 1411 981 ad
1432 947 1540 990 part.
1556 942 1631 983 232¹.
1652 948 1691 991 m
1712 941 1945 990 perductae,
1966 942 2037 981 de-
2061 948 2125 980 246

391 998 719 1046 praehendimus
740 998 815 1035 esse
836 997 878 1034 P.
902 998 927 1034 l.
949 999 1054 1034 min.
1076 997 1099 1035 5
1120 998 1319 1044 proxime
1340 996 1438 1034 Bor.
1461 995 1700 1034 Imminuta
1719 998 1848 1044 igitur
1867 995 1923 1034 est
1943 997 2038 1034 eius

391 1051 592 1090 Latitudo
605 1053 736 1089 etiam
748 1051 802 1088 ad
815 1055 1017 1097 quartam
1026 1050 1185 1098 gradus
1195 1054 1376 1097 partem,
1387 1054 1604 1097 quantum
1613 1061 1666 1087 eo
1675 1051 1721 1088 in
1730 1049 1828 1088 loco
1837 1050 2037 1097 proxime
2077 1060 2107 1086 1⁵

390 1106 570 1152 requirit
587 1103 804 1151 Eclipticae
821 1103 876 1141 ad
892 1103 1194 1151 AEquatorem,
1215 1114 1392 1150 vnaque
1412 1103 1468 1141 ad
1489 1102 1669 1141 Stellam
1689 1102 1826 1151 ipsam
1845 1104 2037 1151 propior,

390 1163 520 1205 atque
537 1159 776 1204 antiquitus
792 1157 980 1195 accessio.

443 1211 573 1249 Hanc
594 1222 770 1258 quoque
792 1209 971 1248 Stellam
987 1209 1409 1248 ALBATEGNIVS
1430 1221 1532 1248 cum
1551 1209 1607 1248 ad
1628 1209 1670 1248 18
1690 1221 1749 1258 gr.
1766 1220 1878 1258 pene
1900 1215 1940 1258 1η
1965 1208 2036 1248 de-

389 1263 516 1302 duc'ta
532 1264 637 1307 esset,
659 1264 846 1302 eandem
860 1263 999 1301 voluit
1016 1275 1151 1311 quam
1167 1263 1274 1301 olim
1290 1262 1481 1301 habuisse
1498 1263 1806 1307 Latitudinem,
1828 1263 2036 1311 quemad·
2074 1273 2094 1305 †

389 1317 570 1355 modum
591 1317 628 1354 &
649 1318 694 1354 in
711 1317 856 1355 Corde
877 1318 935 1362 Ω,
956 1322 1087 1364 atque
1109 1318 1275 1355 caeteris
1294 1328 1484 1364 quarum
1503 1319 1776 1355 mentionem
1796 1315 1909 1360 facit,
1930 1316 2037 1364 idip-
2075 1327 2108 1353 20

389 1371 481 1408 sum
502 1382 739 1418 congruere
761 1371 998 1408 asseuerare
1020 1382 1111 1408 non
1132 1370 1310 1413 dubitat,
1332 1372 1539 1418 quamuis
1560 1370 1780 1418 Eclipticae
1801 1369 1857 1408 ad
1872 1369 2037 1417 AEqua-

389 1430 526 1462 torem
555 1423 886 1461 inclinationem
915 1423 1055 1461 multo
1085 1426 1304 1461 minorem
1330 1424 1486 1471 prodat
1516 1435 1652 1471 quam
1675 1423 1866 1467 Veteres,
1891 1427 2038 1471 vtpote

389 1483 494 1525 part.
509 1476 570 1514 23.
589 1475 614 1524 l.
632 1476 682 1514 36
699 1476 973 1515 deficientem
989 1477 1043 1515 ab
1060 1477 1237 1515 illarum
1253 1479 1540 1515 annotatione
1557 1482 1713 1524 quarta
1728 1476 1888 1525 gradus
1903 1481 2037 1524 parte,
2075 1477 2095 1508 †

389 1530 506 1577 quod
527 1530 627 1568 sane
649 1530 814 1577 aliquid
835 1530 1092 1568 discriminis
1113 1532 1159 1568 in
1178 1530 1500 1568 Latitudinibus
1517 1530 1752 1569 Stellarum
1772 1529 1903 1578 ipfius
1923 1540 2037 1572 aeuo.

388 1583 620 1621 collatione
641 1582 753 1622 fac'ta
772 1585 968 1631 ingerere
989 1586 1140 1631 potuit.
1158 1583 1324 1622 Verum
1341 1586 1377 1621 is
1392 1583 1502 1622 mihi
1518 1585 1664 1631 potius
1679 1582 2037 1622 antecedentibus
2075 1593 2107 1620 25

388 1636 588 1674 credulus
610 1642 740 1683 atque
759 1637 1058 1684 Antiquorum
1079 1639 1283 1678 inuentis.
1305 1637 1388 1675 hac
1409 1639 1455 1675 in
1474 1643 1596 1685 parte
1617 1639 1748 1675 nimis
1768 1636 1915 1675 secure
1937 1647 2038 1674 con·

388 1696 542 1734 tentus,
560 1689 766 1734 censetur,
784 1701 919 1737 quam
935 1691 1054 1738 quod
1070 1692 1294 1738 propriam
1310 1690 1520 1738 aliquam.
1543 1702 1730 1738 eamque
1746 1689 1846 1728 satis
1861 1700 2038 1728 accura-

388 1748 488 1785 tam,
506 1746 618 1781 circa
635 1743 904 1781 Latitudines
921 1743 1155 1782 Stellarum
1171 1743 1416 1791 scrupulose
1433 1744 1670 1787 rimandas,
1687 1742 1936 1782 adhibuerit
1950 1742 2038 1782 Ob-

387 1796 694 1839 seruationem;
712 1808 764 1834 ex
782 1797 940 1844 quibus
957 1799 1088 1835 etiam
1104 1797 1202 1835 satis
1218 1797 1354 1845 liquet
1369 1797 1521 1845 ipsum.
1538 1797 1609 1835 vel
1624 1809 1716 1835 non
1732 1798 1931 1845 apprime
1947 1796 2037 1834 ido-

387 1851 480 1887 neis
506 1849 798 1897 subtiliterque
825 1852 976 1888 omnia
1002 1850 1307 1889 exhibentibus
1332 1850 1455 1888 vsum
1481 1850 1596 1889 fuisse
1623 1850 1933 1894 Instrumentis,
1963 1854 2039 1888 aut
2075 1860 2109 1887 30

387 1905 518 1940 etiam
534 1905 664 1941 nimis
681 1903 957 1951 negligenter,
975 1904 1089 1942 hanc
1107 1903 1499 1942 considerationem
1515 1903 1833 1942 administrasse.

441 1955 658 2002 Quocirca
682 1968 781 1994 cum
805 1968 881 2004 per
904 1959 993 1995 iam
1017 1964 1297 1995 enumeratas
1318 1957 1474 1996 Stellas
1494 1957 1592 1995 satis
1614 1957 1891 1996 euidentibus
1911 1955 2039 1995 Testi-

388 2011 547 2057 monijs
563 2009 795 2056 aliquoties
811 2010 1145 2058 comprobatum
1157 2011 1203 2048 sit
1215 2010 1466 2049 Asfixarum
1479 2011 1602 2049 Latit.
1615 2010 1855 2049 secundum
1866 2012 2039 2058 exigen-

388 2065 492 2099 tiam
517 2065 772 2100 mutationis
797 2063 1064 2111 obliquitatis
1089 2065 1308 2112 Eclipticae
1333 2067 1511 2102 mutari:
1537 2076 1676 2102 vnum
1699 2075 1752 2102 ex
1775 2063 1844 2102 his
1867 2063 2040 2102 duobus

389 2116 616 2153 necessario
639 2116 925 2164 consequitur.
950 2123 1024 2154 aut
1049 2129 1138 2155 non
1162 2117 1277 2155 fuisse
1299 2124 1466 2156 tantam
1489 2129 1590 2156 aeuo
1612 2118 1821 2156 Veterum
1842 2116 2039 2164 obliqua·
2077 2127 2110 2153 ³5

388 2171 551 2205 tionem
569 2172 809 2207 maximam
827 2170 1058 2217 Eclipticae,
1077 2177 1290 2218 quantam
1306 2171 1369 2209 illi
1386 2172 1659 2219 assignarunt.
1677 2177 1752 2209 aut
1768 2170 2040 2208 Latitudines

389 2221 620 2259 Stellarum
650 2234 726 2269 pro
756 2225 848 2260 eius
876 2224 931 2261 ad
952 2223 1240 2270 AEquatorem
1269 2227 1463 2272 propiori
1487 2225 1648 2263 accessu
1671 2235 1827 2262 reuera
1850 2228 2041 2262 mutatas

389 2275 476 2311 esse.
503 2276 720 2321 Antiquos
741 2283 889 2314 autem
910 2283 999 2314 tarn
1020 2277 1330 2315 Timocharem
1352 2290 1487 2325 quam
1509 2277 1821 2326 Hipparchum
1842 2276 1880 2315 &
1901 2276 2039 2315 Ptole-

389 2339 564 2369 maeutn.
578 2340 653 2374 per
666 2331 834 2366 tertiam
846 2336 1012 2376 partem
1024 2333 1067 2367 in
1079 2331 1293 2368 Declinat.
1308 2331 1528 2379 Eclipticae
1538 2333 1734 2369 maxima
1745 2329 2040 2378 confignanda

389 2381 608 2422 aberrasse,
627 2393 715 2418 non
733 2383 935 2420 credibile
953 2383 1019 2424 est.
1038 2384 1273 2430 praesertim
1291 2396 1390 2422 cum
1404 2385 1592 2423 eandem
1604 2395 1759 2422 omnes
1770 2391 1868 2427 tres,
1885 2385 2038 2422 vnani-
2077 2393 2110 2419 4ο

390 2436 525 2475 miter,
548 2434 787 2472 admodum
810 2435 1065 2483 scrupulose.
1088 2437 1283 2475 statuant.
1308 2438 1513 2476 Facilime
1535 2441 1667 2476 etiam
1688 2449 1764 2486 per
1785 2437 1972 2486 Regulas
1992 2436 2040 2474 il·

390 2487 532 2523 lorum
555 2499 605 2524 ex
630 2488 944 2526 obseruatione
968 2489 1080 2526 Solis
1105 2492 1147 2527 in
1170 2497 1354 2538 vtroque
1376 2491 1560 2529 Solstitio
1585 2503 1636 2529 ea
1660 2490 1841 2538 satisque
1863 2489 2040 2581 ρτζείἑξ

1942 2554 1986 2591 lp
