2243 3225
383 204 433 242 58
756 193 1210 236 ASTRONOMIAE
1231 190 1653 230 INSTAURATAE

382 311 552 346 tionum
569 308 614 342 in
631 304 856 342 decliuiori
872 302 950 339 situ
966 300 1330 348 impedimentum
1350 297 1524 345 prorsus
1545 296 1817 339 excludatur;
1839 295 2026 342 ideoque

383 361 436 399 ad
454 361 536 397 1106
553 359 775 405 negotium
791 355 915 393 nulla
931 366 983 392 ex
1000 352 1205 391 omnibus
1221 351 1594 390 accommodatior
1610 349 1677 393 est,
1694 360 1830 396 quam
1845 347 1936 395 ipsa
1949 347 2026 386 Po-

383 415 484 451 laris
496 411 639 454 Stella,
657 421 756 457 quae
769 411 901 446 etiam
912 409 1149 444 minimum
1160 404 1355 442 describit
1367 406 1607 441 circuitum.
1625 402 1813 450 Cognita
1824 412 1929 439 vero
1945 400 2028 439 hac

383 468 562 507 ratione,
584 475 674 501 non
695 462 834 499 solum
854 463 901 498 in
920 462 1104 503 minuto,
1125 459 1195 496 sed
1217 460 1349 495 etiam
1364 457 1480 495 sexta
1496 456 1566 494 vel
1581 457 1706 494 tertia
1722 455 1778 493 ad
1793 456 2028 492 minimum

382 517 568 565 scrupuli
588 522 722 564 parte,
747 515 884 561 (tanta
905 515 1023 551 enim
1043 511 1237 560 praecifio
1259 511 1343 548 hoc
1366 510 1464 548 1060
1485 508 1736 556 requiritur)
1759 508 1852 546 Poli
1873 507 2028 545 Eleua-

382 574 511 614 tione,
534 581 609 617 per
626 571 719 606 eius
736 567 1124 615 Complementum
1140 565 1196 603 ad
1213 564 1516 611 quadrantem,
1533 561 1788 609 AEquatoris
1804 560 2030 598 inclinatio

383 636 472 662 non
489 623 769 671 ignorabitur.
787 621 935 658 Postea
950 619 1125 667 singulis
1137 618 1290 656 diebus
1302 619 1498 665 capiatur
1510 615 1819 663 diligentissime
1831 613 1944 652 Solis
1955 613 2030 651 Al-

382 677 520 715 titudo
537 676 800 718 Meridiana,
822 674 955 721 radijs
976 675 1070 710 eius
1088 683 1164 719 per
1180 667 1417 721 ca-ssnalem
1434 674 1753 716 competentem
1769 670 1815 705 in
1831 667 2029 705 Pinnaci-

383 731 504 768 dium
521 729 701 766 inferius
713 727 967 770 intromissis,
984 737 1039 763 ne
1051 726 1105 763 ab
1118 726 1233 762 Aere
1245 724 1392 762 lucido
1404 724 1662 770 dissipentur,
1679 720 1910 768 minusque
1921 719 2031 758 visui

383 788 575 831 pateant:
593 782 695 819 huic
711 781 897 819 addatur
912 779 1153 817 Parallaxis
1169 777 1294 820 Solis,
1312 777 1350 815 &
1365 776 1395 814 fi
1411 777 1522 815 adeo
1539 775 1721 813 decliuis
1736 774 1876 818 fuerit,
1893 779 1937 811 vt
1952 773 2030 811 Re-

383 835 581 874 frae'tioni
590 834 772 872 sensibili
781 833 827 871 fit
837 834 1068 875 obnoxius,
1079 834 1173 869 eius
1183 830 1452 868 obstaculum
1462 841 1484 867 e
1495 827 1686 867 correc'ta
1695 839 1772 875 per
1781 826 2031 865 Parallaxin

384 889 625 926 Altitudine
655 887 949 929 subtrahatur;
981 886 1100 923 Nam
1125 884 1366 922 Parallaxis
1391 883 1539 921 Solem
1569 882 1866 924 decliuiorem,
1897 891 2032 927 quam

386 948 567 990 oportet.
588 941 714 978 nobis
735 942 780 977 in
800 939 1024 986 superficie
1045 938 1193 975 Terrae
1215 936 1450 974 constitutis
1471 936 1621 978 reddit,
1646 932 1860 972 Refradtio
1881 938 2033 971 contra

387 996 577 1033 eundem
597 994 704 1032 iusto
720 993 919 1031 altiorem
937 1002 1148 1039 apparere
1165 990 1277 1028 facit.
1300 990 1367 1027 De
1389 989 1457 1027 his
1473 1000 1577 1027 vero
1595 987 1820 1035 quomodo
1837 986 1875 1024 &
1890 988 2032 1034 inqui-

386 1048 534 1086 rendae
555 1047 919 1094 applicandaeque
935 1047 1126 1087 veniant,
1148 1043 1292 1091 postea
1313 1043 1440 1090 plura
1461 1042 1669 1080 dicemus.
1686 1041 1803 1078 Vera
1818 1046 1967 1078 autem
1986 1040 2030 1084 Θ

386 1101 583 1139 Altitudo
600 1100 954 1138 Declinationem
971 1100 1065 1135 eius
1080 1108 1169 1134 vna
1183 1095 1484 1139 manifestabit,
1506 1106 1582 1142 per
1601 1094 1870 1133 ablationem
1885 1092 2033 1131 videli-

387 1160 451 1192 cet
468 1154 738 1191 Eleuationis
754 1152 1008 1199 AEquatoris
1025 1153 1071 1188 in
1087 1149 1346 1188 Borealibus
1363 1149 1503 1197 Signis
1520 1148 1575 1186 ab
1592 1147 1826 1186 emendata
1841 1146 1954 1185 Solis
1970 1145 2034 1184 su-

386 1208 608 1250 blimitate,
634 1206 703 1244 vel
728 1205 861 1243 huius
886 1204 941 1243 ab
966 1204 1042 1242 illa
1067 1206 1112 1241 in
1137 1202 1422 1240 Australibus.
1449 1202 1561 1239 Haec
1586 1200 1761 1249 insuper
1785 1200 2035 1238 Declinatio

388 1260 724 1308 Longitudinem
741 1258 853 1297 Solis
873 1257 1087 1305 patefacit,
1109 1257 1288 1294 assumta
1307 1257 1504 1293 maxima
1524 1254 1657 1293 huius
1676 1256 1764 1292 aeui
1780 1253 2035 1301 obliquitate

388 1315 429 1351 P.
447 1314 509 1351 23.
529 1312 553 1360 Ι.
571 1313 646 1352 311.
670 1312 812 1350 Datur
828 1313 947 1349 enim
963 1313 1008 1348 in
1024 1309 1264 1357 Triangulo
1281 1308 1532 1356 rectangulo
1548 1319 1687 1345 vnum
1703 1307 1837 1346 Latus
1855 1318 1932 1354 per
1948 1306 2033 1344 De-

388 1367 669 1404 clinationem
685 1367 927 1403 maximam
943 1363 1077 1402 modo
1094 1361 1265 1405 dietam.
1288 1374 1389 1410 ergo
1405 1364 1581 1399 tertium
1597 1360 1842 1409 oppositum
1858 1359 2036 1408 Angulo

388 1418 502 1458 recto
515 1431 605 1457 11011
616 1419 776 1462 latebit,
793 1418 912 1465 quod
924 1417 1169 1456 distantiam
1181 1416 1294 1454 Solis
1306 1427 1333 1454 a
1342 1415 1522 1453 Vernali
1533 1415 1603 1452 vel
1612 1413 1875 1452 Autumnali
1883 1412 2036 1460 AEqui-

388 1472 545 1516 noetio,
557 1472 794 1510 secundum
806 1470 984 1509 ductum
994 1470 1213 1518 Eclipticae
1226 1469 1417 1507 ostendit.
1428 1468 1510 1506 Vel
1521 1470 1654 1506 etiam
1665 1467 1835 1506 facilius
1845 1466 1883 1504 &
1892 1477 2036 1514 prom-

387 1529 472 1564 tius
488 1527 604 1564 idem
621 1537 890 1572 exequemur
906 1536 982 1571 per
995 1523 1214 1562 Tabulam
1230 1522 1592 1560 Declinationum
1609 1521 1842 1564 Solarium,
1859 1519 2038 1568 qualem

388 1580 532 1627 postea
543 1581 675 1617 etiam
686 1579 741 1616 ad
752 1578 961 1626 quoslibet
969 1577 1205 1615 Graduum
1216 1576 1430 1613 sextantes
1439 1575 1666 1623 diligenter
1675 1574 1933 1613 calculatam
1944 1572 2036 1611 sub-

389 1636 631 1680 iungemuS.
650 1632 717 1670 Sic
734 1634 881 1679 itaque
897 1633 1080 1668 inuento
1097 1630 1194 1668 loco
1206 1629 1319 1668 Solis
1335 1629 1579 1676 periculum
1595 1627 1690 1666 fieri
1706 1626 1850 1675 potest,
1867 1638 1926 1665 an
1937 1637 2038 1664 cum

389 1686 530 1724 nostra
546 1686 808 1723 restitutione
826 1684 1063 1722 consentiat
1075 1695 1154 1721 nec
1166 1694 1234 1720 ne.
1252 1683 1437 1725 Etenim,
1454 1682 1483 1719 fi
1500 1684 1651 1720 omnia
1667 1683 1744 1719 rite
1761 1686 2037 1728 peragantur.

390 1739 634 1777 differentia
646 1741 884 1786 reperietur
893 1738 963 1775 vel
974 1737 1110 1781 nulla,
1121 1737 1191 1774 vel
1203 1748 1303 1783 quae
1315 1735 1488 1783 prorsus
1500 1735 1545 1773 sit
1557 1734 1821 1772 insensibilis.
1835 1733 1881 1772 Id
1890 1739 2038 1772 tamen

389 1793 715 1835 attendendum,
733 1794 778 1829 in
794 1791 966 1829 duobus
979 1791 1119 1838 Signis
1135 1792 1305 1837 vtrique
1317 1789 1607 1836 Tropicorum
1623 1789 1847 1836 proximis,
1864 1798 1941 1835 per
1951 1786 2038 1825 De-

390 1846 671 1884 clinationem
683 1845 807 1888 Solis,
825 1845 972 1882 locum
989 1846 1083 1882 eius
1100 1855 1190 1881 non
1207 1843 1305 1881 satis
1321 1849 1413 1880 tuto
1430 1843 1640 1890 indagari.
1657 1847 1803 1889 vtpote
1819 1842 1865 1878 in
1885 1843 1919 1883 Π
1935 1839 1973 1878 &
1985 1845 2038 1883 6j.

390 1902 490 1937 item
515 1904 552 1941 ‚st
576 1899 612 1936 &
633 1905 674 1941 z,
692 1910 744 1936 eo
761 1898 879 1945 quod
896 1898 982 1935 illic
998 1897 1114 1935 hanc
1130 1899 1175 1934 in
1191 1908 1279 1934 vna
1296 1897 1364 1934 die
1382 1907 1516 1943 quam
1533 1897 1768 1932 minimum
1784 1899 2011 1942 permutet.
2024 1889 2039 1943 ΙΙ

443 1953 681 1998 Quomodo
694 1963 798 1989 vero
811 1951 1057 1999 Longitudo
1069 1950 1181 1989 Solis
1194 1962 1246 1987 ex
1259 1950 1326 1987 his
1339 1949 1559 1997 praemissis
1571 1948 1751 1986 Tabulis
1766 1946 2040 1995 supputanda

390 2008 548 2049 veniat.
571 2017 661 2043 non
678 2017 789 2052 opus
806 2004 873 2048 est,
890 2010 932 2042 vt
950 2004 1117 2052 prolixe
1134 2003 1205 2041 hic
1223 2003 1508 2050 explicemus:
1530 2002 1741 2049 liquidem
1758 2001 1913 2039 eadem
1930 2001 2040 2038 ratio

391 2059 457 2102 est,
480 2071 580 2106 quae
601 2061 646 2096 in
667 2059 764 2106 alijs
781 2058 1093 2095 Astronornicis
1114 2057 1216 2094 huic
1239 2056 1385 2094 officio
1406 2056 1623 2104 deputatis
1644 2054 1917 2093 Canonibus.
1939 2052 2040 2092 Col-

391 2111 499 2150 16610
522 2114 639 2149 enirn
660 2112 840 2158 simplici
862 2118 984 2148 motu
1006 2117 1095 2148 tam
1112 2112 1296 2158 Apogaei
1318 2121 1453 2157 quam
1475 2109 1779 2157 Longitudinis
1799 2108 1854 2146 ad
1876 2113 2040 2145 certum

392 2172 574 2212 tempus.
599 2165 833 2211 ablatoque
858 2164 931 2201 isto
955 2165 1009 2202 ab
1033 2164 1128 2205 hoc.
1153 2163 1350 2201 distantia
1371 2163 1484 2201 Solis
1505 2163 1559 2200 ab
1581 2163 1779 2210 Apogaeo
1802 2162 1941 2203 datur.
1965 2171 2041 2208 per

392 2230 525 2265 quam
543 2221 587 2255 in
599 2218 770 2255 Tabula
787 2217 1227 2264 Prosthaphaerefium
1240 2216 1556 2263 AEquationem
1573 2221 1893 2262 competentem
1909 2225 2040 2252 vena-

392 2273 551 2309 bimur:
572 2271 858 2308 auferendam
876 2271 1053 2317 simplici
1071 2272 1208 2307 motui
1226 2269 1339 2307 Solis
1356 2270 1411 2307 ad
1429 2269 1774 2310 Semicirculum.
1792 2267 2041 2306 addendam

395 2337 497 2362 vero
516 2324 603 2371 post
621 2325 752 2361 huius
770 2324 1123 2371 completionem:
1147 2323 1280 2360 veluti
1302 2325 1434 2360 etiam
1451 2325 1495 2360 in
1513 2322 1652 2360 fronte
1670 2321 1707 2359 &
1724 2322 1841 2359 calce
1857 2320 2041 2359 Tabulae

393 2378 619 2415 indicatur.
638 2377 720 2415 Sed
738 2377 832 2414 haec
850 2379 1021 2414 notiora
1038 2377 1132 2414 sunt
1150 2388 1283 2423 quam
1301 2383 1342 2413 vt
1360 2377 1551 2413 vlteriori
1569 2376 1863 2413 declaratione
1880 2374 2041 2422 indige-

393 2438 478 2468 ant.
498 2431 601 2468 Non
616 2433 733 2468 enim
745 2430 992 2478 Tyronibus
1006 2431 1122 2467 Artis
1140 2429 1284 2470 huius.
1303 2429 1371 2466 sed
1389 2429 1728 2477 intelligentibus
1744 2428 1781 2466 &
1798 2428 2042 2466 exercitatis

393 2485 487 2522 haec
505 2484 683 2521 scribere
701 2486 901 2521 animum
919 2484 1185 2521 induximus

1911 2533 2041 2572 Nunc

2063 674 2104 706 70

2071 782 2101 808 10

2073 1048 2103 1074 15

2074 1580 2108 1606 2⁵

2074 1953 2109 1984 71
