2164 3246
422 197 1081 238 PROGYMNASMATUM
1103 197 1308 235 PRIMA
1329 197 1480 236 PARS
1704 197 1781 235 243

128 305 261 345 Stella
271 305 419 344 versus
430 305 733 353 AEquatorem,
750 305 834 344 sese
851 304 1032 344 demisit:
1049 309 1093 342 vt
1109 315 1266 342 reuera
1282 304 1337 342 ob
1349 304 1392 342 id
1405 303 1525 352 quasi
1537 304 1781 352 quadrante

127 361 257 398 vnius
268 359 428 407 gradus
440 361 678 397 accreuerit
692 359 838 397 Stellae
851 358 1068 397 Latitudo.
1086 356 1219 403 Quod
1231 360 1366 395 miror
1378 357 1689 405 Copernicum,
1708 360 1783 405 qui

128 412 425 451 Latitudinem
441 412 754 450 Ptolemaicam
776 412 1050 460 approbauit‚
1072 414 1118 449 in
1138 416 1228 449 tam
1249 411 1397 449 illustri
1414 411 1559 456 Stella,
1582 411 1782 459 adeoque

129 465 348 514 Eclipticae
364 467 511 504 vicina
526 477 618 503 non
634 466 996 504 animaduertisse.

74 613 90 638 ⁵
295 598 567 637 ANTARES
588 598 720 638 smE
742 598 860 637 COR
888 605 944 647 m.
1215 559 1715 858 ο

234 669 389 709 ISTAT
412 669 509 708 haec
534 669 668 708 Stella
692 669 932 731 secundum
956 670 1111 731 Longi—
1729 683 1782 731 H

251 723 462 768 tudinem,
484 723 719 761 retrorsum
735 735 761 761 a
778 723 906 771 Spica
922 724 1112 772 Virginis

126 778 489 870 ἷιέκῐῐὲιὲἱῗρέῗω
504 776 829 821 restitutionem,
850 777 931 825 Sig.
950 778 976 815 1.
994 777 1111 825 grad.
1150 762 1195 804 G
1213 798 1246 915 Ι
1498 727 1738 860 A
1759 789 1783 833 1

59 884 91 910 10
511 881 696 952 ῑὲηείῒυᾴο.
795 882 980 952 ΟξεΙίηειῖΙίο.
1176 893 1211 936 F
1323 842 1468 944 γ’

70 982 91 1014 ·1-
180 972 434 1035 Timochari
548 947 572 1011 7
628 947 680 1011 50
701 979 740 1021 m
821 947 862 1011 18
918 973 991 1044 201
1233 910 1461 1085 N

180 1025 442 1074 Hipparcho
547 1026 572 1065 9
628 1026 679 1064 50
701 1032 739 1074 ‘m
821 1026 862 1064 19
945 1026 969 1064 0
994 1027 1060 1064 A.

180 1080 420 1119 Pto1emae0
529 1079 571 1118 12
627 1079 678 1118 35
700 1085 740 1127 m
811 1079 862 1117 20
927 1055 991 1123 151
1097 1076 1111 1130 ιι
1453 1097 1489 1131 Β
1569 1069 1615 1115 Α

37 1168 102 1201 243
1072 1160 1290 1209 Tempore

715 1239 993 1279 Timocharis
1063 1241 1311 1289 Hipparchi
1406 1242 1631 1280 Ptolemaei

774 1301 809 1328 G.
894 1302 935 1327 M.
1105 1303 1139 1328 G.
1226 1303 1266 1328 M.
1435 1303 1470 1329 G.
1556 1303 1597 1328 M.

232 1347 366 1386 Latus
552 1347 635 1385 BA
767 1347 817 1385 23
883 1348 948 1387 511}
1098 1348 1148 1386 23
1214 1349 1278 1388 51}-
1428 1348 1478 1386 23
1544 1349 1605 1389 512}

231 1400 367 1439 Latus
552 1400 632 1439 BC
776 1401 817 1439 71
874 1401 926 1439 40
1107 1402 1148 1440 71
1232 1402 1257 1440 Ο
1428 1402 1479 1440 69
1535 1403 1586 1441 45

54 1467 89 1494 20
230 1453 435 1503 Angulus
551 1454 676 1492 BAE
767 1454 818 1492 52
883 1454 926 1492 10
1098 1455 1149 1493 50
1214 1455 1256 1493 10
1428 1456 1479 1493 47
1535 1455 1585 1494 25

67 1512 88 1544 ·1·
231 1507 367 1546 Latus
553 1507 630 1546 BE
776 1507 818 1546 18
874 1507 946 1547 38}
1107 1508 1149 1547 18
1231 1509 1256 1547 7
1437 1509 1479 1547 17
1535 1509 1604 1549 203

231 1561 366 1600 Latus
549 1561 633 1599 ΑΕ
776 1562 817 1599 15
901 1561 925 1599 9
1107 1562 1148 1600 15
1204 1562 1255 1600 48
1438 1562 1479 1600 16
1535 1562 1586 1601 38

231 1614 366 1654 Latus
552 1614 632 1653 CE
766 1615 818 1653 70
874 1614 924 1653 37
1098 1615 1148 1653 69
1204 1615 1273 1655 58³1³
1428 1615 1479 1654 68
1535 1616 1585 1654 47

231 1668 366 1707 Latus
551 1668 638 1706 AC
759 1668 817 1724 85
873 1668 925 1706 46
1036 1722 1050 1723 ἶ
1098 1669 1147 1724 85
1204 1670 1278 1724 45}
1428 1669 1488 1725 85-
1534 1669 1587 1725 25

54 1753 88 1780 25
269 1739 473 1778 Latitudo
490 1739 670 1787 quaefita
792 1741 816 1777 4
883 1740 924 1777 14
1124 1740 1148 1778 4
1214 1741 1278 1780 1422
1454 1741 1478 1778 4
1534 1740 1584 1779 35
1603 1740 1666 1778 M.

178 1855 332 1894 Ferme
354 1855 427 1894 hic
449 1857 723 1894 conueniunt
745 1855 1085 1895 Obseruationes
1106 1856 1382 1894 Timocharis
1404 1856 1441 1894 &
1463 1856 1711 1904 Hipparchi
1734 1858 1780 1894 in

125 1909 374 1948 Latitudine
394 1908 528 1948 huius
549 1909 695 1948 Stellae
716 1916 824 1957 part.
841 1910 877 1947 4.
894 1911 1000 1947 min.
1018 1910 1071 1953 14,
1093 1911 1282 1947 nimium
1303 1910 1508 1948 deuiante
1527 1910 1778 1953 Ptolemaeo,

125 1964 201 2010 qui
221 1974 321 2002 eam
340 1974 418 2011 per
437 1964 611 2001 tertiam
631 1968 801 2011 partem
821 1963 980 2011 gradus
997 1975 1019 2001 e
1036 1962 1112 2001 sua
1130 1969 1343 2001 annotata
1359 1963 1667 2001 Declinatione
1688 1975 1779 2001 ma-

124 2018 264 2054 iorem
283 2016 435 2061 reddit,
457 2028 558 2055 cum
578 2022 729 2054 tamen
744 2018 790 2054 in
807 2016 1039 2055 Canonica
1055 2016 1288 2055 Stellarum
1308 2019 1655 2059 enumeratione,
1678 2028 1779 2055 ean-

54 2082 88 2108 30
124 2069 225 2108 dem
239 2069 265 2108 4
279 2070 456 2118 praecise
471 2070 690 2118 graduum
705 2069 847 2113 faciat,
867 2070 1143 2108 Timocharis
1160 2069 1198 2108 &
1215 2070 1461 2117 Hipparchi
1479 2072 1779 2114 annotatione.

124 2122 245 2171 quafi
260 2123 505 2171 quadrante
521 2124 681 2172 gradus
697 2126 930 2167 minorem,
947 2123 1000 2161 fic
1017 2123 1091 2162 fibi
1108 2123 1286 2171 ipsemet
1302 2135 1393 2161 non
1410 2123 1700 2167 consentiens;
1722 2126 1781 2162 ita

123 2181 168 2215 vt
181 2178 330 2215 minus
346 2183 462 2215 certa
473 2177 674 2215 videatur
685 2176 781 2215 haec
794 2179 888 2215 eius
900 2177 1147 2225 defignatio.
1166 2177 1316 2224 Quare
1328 2177 1483 2215 stantes
1496 2189 1596 2215 cum
1608 2177 1781 2215 duobus

123 2232 269 2278 potius
289 2230 660 2275 antecedentibus,
682 2230 979 2269 Latitudinem
995 2230 1141 2269 Stellae
1162 2231 1340 2268 illorum
1362 2242 1462 2268 aeuo
1484 2230 1600 2268 fuisse
1618 2237 1725 2278 part.
1744 2231 1779 2268 4.

123 2285 229 2322 min.
250 2284 305 2328 14,
329 2295 383 2322 ex
403 2295 493 2332 quo
513 2290 604 2322 tam
627 2283 739 2322 belle
762 2283 894 2322 ambo
917 2286 963 2322 in
986 2284 1070 2322 hoc
1094 2286 1376 2329 conueniant,
1401 2296 1492 2322 non
1516 2284 1779 2322 dubitamus.

54 2349 89 2375 ³⁵
125 2336 330 2385 Cumque
347 2338 504 2376 eadem
519 2337 672 2376 nostris
687 2337 981 2385 Temporibus
998 2340 1252 2376 inueniatur
1272 2343 1379 2385 part.
1397 2338 1433 2375 4.
1451 2340 1555 2375 min.
1573 2337 1636 2381 27,
1659 2349 1780 2375 exce-

124 2390 232 2429 dens
242 2390 447 2429 Veterem
462 2391 585 2430 illam
595 2391 807 2439 scrupulis
819 2391 872 2435 13,
890 2391 1008 2439 quod
1021 2393 1220 2439 proxime
1233 2394 1366 2429 etiam
1378 2391 1597 2439 Eclipticae
1610 2403 1636 2429 a
1648 2391 1780 2429 Stella

124 2442 208 2482 hac
218 2443 366 2483 versus
376 2444 667 2493 AEquatorem
679 2446 862 2487 recessio,
879 2447 993 2483 circa
1005 2445 1131 2483 illum
1142 2445 1302 2487 locum,
1319 2444 1515 2492 postulat,
1533 2445 1649 2482 idem
1661 2444 1779 2491 quod

125 2502 256 2536 antea
270 2497 456 2546 probare
472 2498 789 2543 laborauimus,
807 2498 845 2536 &
862 2498 933 2536 hic
949 2498 1047 2536 satis
1064 2497 1339 2536 manifestum
1357 2499 1515 2536 euadit.

230 2559 282 2586 ³1·
1400 2550 1777 2589 ALDEBORAM
