2164 3246
85 831 115 857 10

85 1098 116 1124 15

391 231 1051 271 PROGYMNASMATUM
1073 231 1387 270 SECUNDA
1409 231 1560 270 PARS
1736 232 1803 270 313

151 337 406 386 apponitur)
429 337 550 375 onr
572 337 688 376 fuisse
712 338 858 381 fertur,
884 345 1005 377 tanta
1029 339 1201 376 Formae
1224 338 1457 382 venustate,
1484 344 1527 376 vt
1551 349 1641 375 non
1664 337 1805 375 solum

152 402 306 430 omnes
326 390 415 428 suae
436 393 576 429 aetatis
597 391 821 430 Foeminas
842 393 1134 440 pulcritudine
1155 391 1231 429 sua
1249 391 1560 435 antecelluerit,
1582 391 1652 429 sed
1674 394 1806 429 etiam

151 456 253 483 cum
278 444 556 488 Nereidibus,
582 456 683 492 quae
709 445 933 493 Nymphae
960 445 1151 483 Marinae
1178 445 1232 483 ab
1259 444 1453 482 Hefiodo
1478 447 1523 482 in
1546 444 1806 492 Theogonia

151 497 427 536 recensentur
448 499 780 546 quinquaginta,
803 499 1003 546 adeoque
1025 510 1125 536 cum
1141 498 1311 535 Iunone
1330 497 1431 545 ipsa,
1449 504 1492 535 vt
1508 498 1579 546 alij
1600 497 1804 541 referunt,

152 551 205 590 de
225 551 258 589 F
260 562 398 588 ormae
419 550 667 598 praestantia
688 552 963 595 contendere,
986 551 1090 589 ausa
1111 551 1168 595 fit,
1191 553 1416 598 nimiaque
1438 551 1512 589 fibi
1532 551 1608 598 ipfi
1628 551 1806 598 placens

151 605 415 652 arrogantia,
431 603 472 641 se
484 604 668 642 Deabus
683 604 901 652 praeferre,
919 611 1049 652 atque
1066 616 1157 652 prae
1175 605 1361 652 eleganti
1378 604 1515 651 specie
1528 616 1602 642 eas
1614 611 1805 642 contem-

151 669 256 696 nere
272 657 571 705 praesumserit.
590 658 709 695 Hinc
722 656 885 696 factum
898 658 964 702 eft,
982 664 1025 696 vt
1038 658 1263 702 Nereides,
1280 658 1350 695 vel
1362 658 1473 695 Iuno
1486 658 1528 695 id
1542 669 1654 705 aegre
1667 657 1805 695 feren-

151 717 215 750 tes
231 710 360 758 (nihil
376 712 495 748 enim
511 710 579 755 est,
596 711 715 758 quod
732 711 952 749 Muliebre
969 723 1105 759 genus
1122 713 1260 759 magis
1277 710 1469 755 offendit,
1487 717 1618 758 atque
1634 711 1805 748 Formae

152 769 410 808 contemtus,
434 775 589 802 earum
611 766 729 802 enim
750 767 974 812 praecipua
994 765 1220 803 aestimatio
1241 767 1287 801 in
1308 770 1488 802 externa
1505 764 1655 811 Specie
1675 770 1805 811 atque

152 823 313 856 ornatu
335 817 532 864 confistit)
559 820 713 866 ingens
736 818 888 856 odium
911 824 1042 865 atque
1066 817 1267 856 vindictae
1291 818 1572 865 cupiditatem
1598 817 1806 855 aduersus

153 871 427 919 Cassiopeam
443 873 737 918 conceperint;
755 871 925 909 Iunone
938 874 1057 919 prius
1069 871 1184 909 hanc
1196 871 1474 914 admonente,
1492 882 1672 908 omnem
1685 871 1805 908 Mor-

151 924 308 963 talium
328 929 559 962 externum
580 925 796 969 decorem,
818 925 1080 972 Formaeque
1102 924 1405 962 excellentiam
1427 925 1502 962 esse
1524 923 1715 971 respectu
1735 936 1804 962 eo-

152 989 264 1022 rum,
281 989 383 1026 quae
395 977 566 1016 Diuina
578 977 686 1021 sunt,
703 978 869 1016 nullius
881 980 1106 1021 momenti,
1124 978 1235 1016 adeo
1247 984 1290 1015 vt
1302 977 1463 1015 horum
1476 980 1805 1024 comparatione

152 1031 326 1080 prorsus
345 1031 559 1070 sordeant.
577 1031 783 1079 Cumque
805 1032 950 1070 adhuc
971 1031 1094 1069 suam
1115 1031 1416 1079 indignitatem
1437 1042 1528 1068 non
1545 1030 1804 1078 agnosceret,

152 1096 208 1124 ne
228 1090 320 1124 tam
339 1084 530 1123 insolens
550 1087 802 1133 arrogantia
822 1085 963 1123 inulta
983 1092 1192 1127 maneret,
1215 1085 1327 1122 Iuno
1348 1091 1423 1122 aut
1445 1086 1577 1122 etiam
1594 1084 1806 1122 Nereides

152 1150 180 1178 a
199 1138 411 1186 Neptuno
434 1140 736 1186 impetrarunt,
760 1145 804 1176 vt
824 1141 1067 1176 immanem
1090 1138 1359 1185 ingentisque
1380 1137 1584 1176 vastitatis
1608 1137 1646 1174 8(
1669 1137 1806 1175 horri-

151 1191 286 1231 bilem
301 1190 485 1240 aspedtu,
508 1192 694 1230 Bestiam
711 1192 938 1230 Marinam
956 1192 1131 1230 Caetum
1147 1194 1193 1228 in
1210 1192 1460 1239 Regionem,
1482 1191 1554 1228 vbi
1570 1190 1806 1235 habitabat,

153 1245 407 1294 impelleret,
425 1247 500 1293 qui
511 1246 654 1293 Agros
667 1245 704 1283 &
716 1245 921 1283 AEdificia
933 1245 1098 1283 ruralia
1110 1244 1352 1288 deuastans,
1367 1256 1616 1292 magnaque
1630 1244 1806 1282 calami-

64 1305 129 1339 308
152 1304 238 1338 tate
254 1298 422 1337 incolas
438 1298 649 1343 afficiens,
666 1295 681 1349 ΙΙ
698 1311 753 1337 ne
770 1299 950 1346 quidem
965 1299 1020 1337 ab
1037 1298 1134 1346 ipfis
1152 1298 1415 1336 Ciuitatibus
1431 1297 1713 1345 temperabat,
1733 1309 1805 1335 va-

81 1365 116 1392 20

85 2166 119 2193 35

152 1351 287 1391 nitate
311 1352 523 1400 Corporis
546 1352 584 1390 8(
607 1352 688 1391 has
711 1352 979 1400 prosternere
1003 1352 1199 1399 aggressa.
1225 1351 1326 1397 Qua
1349 1363 1480 1398 paena
1502 1351 1539 1389 8(
1560 1351 1806 1388 calamitate

153 1405 447 1454 expauescens
460 1405 681 1454 Cepheus,
698 1404 896 1444 maclatis
909 1406 961 1443 de
973 1417 1096 1443 more
1110 1405 1284 1452 Hostijs‚
1303 1404 1586 1451 consultoque
1600 1404 1806 1448 Oraculo,

153 1459 304 1498 causas
319 1464 544 1498 tantorum
559 1459 795 1503 malorum,
816 1458 1169 1505 liberationisque
1186 1459 1369 1496 modum
1385 1457 1614 1495 sciscitatus
1635 1457 1706 1501 est;
1729 1457 1806 1494 Re-

152 1512 307 1561 sponso
327 1518 518 1561 accepto,
541 1513 760 1560 Cassiopes
782 1512 1013 1560 superbam
1033 1513 1322 1549 temeritatem
1343 1511 1458 1549 hanc
1479 1511 1689 1548 vltionem
1710 1522 1806 1558 pro-

152 1568 368 1611 meritam,
398 1578 543 1614 neque
573 1568 741 1615 expiari
770 1567 894 1614 posse,
925 1565 1003 1603 nifi
1027 1567 1157 1603 vnica
1182 1564 1273 1603 filia
1297 1565 1585 1602 Andromeda
1611 1564 1807 1602 Monstro

154 1620 413 1659 deuoranda
432 1620 619 1668 scopulis
640 1620 852 1668 alligetur.
875 1619 977 1666 Quo
998 1617 1215 1656 intellecto
1235 1618 1358 1655 tristis
1378 1618 1556 1665 quidem
1572 1629 1743 1664 parens,
1765 1623 1807 1655 at

154 1673 336 1722 Regioni
356 1675 434 1712 toti
455 1673 679 1712 consulere
700 1673 831 1712 satius
853 1674 1029 1716 ducens,
1052 1672 1209 1710 Filiam
1229 1683 1365 1719 prope
1387 1671 1552 1719 Ioppen
1568 1670 1807 1718 AEthiopiae

154 1726 394 1766 Ciuitatem
413 1727 526 1766 saxis
547 1729 710 1775 exponi
731 1726 1048 1774 constringique
1069 1725 1273 1773 permifit;
1295 1736 1448 1762 verum
1470 1725 1566 1772 DijS
1583 1724 1807 1772 Virginem

153 1782 421 1819 immeritam
444 1780 862 1824 commiserantibus‚
888 1786 1052 1827 tanque
1076 1779 1302 1826 indignam
1325 1778 1551 1816 lanienam
1574 1780 1806 1815 auertenti-

153 1833 248 1879 bus,
269 1836 446 1882 contigit
465 1839 509 1872 vt
527 1834 705 1872 Perseus
727 1846 828 1872 cum
845 1833 999 1881 Capite
1021 1832 1219 1870 Medusae
1240 1832 1339 1869 illac
1360 1834 1439 1869 iter
1459 1831 1634 1875 faciens,
1657 1830 1807 1868 Bestiae

155 1887 426 1933 aduentanti‚
443 1887 680 1926 &iamiam
696 1888 922 1935 Virginem
939 1886 1213 1934 deglutiturae
1230 1884 1313 1923 sese
1330 1890 1583 1932 opponeret,
1601 1884 1807 1922 monstra-

154 1940 291 1989 tisque
313 1941 546 1990 Anguibus
570 1941 820 1989 Gorgoneis
845 1946 1013 1988 partem
1037 1941 1131 1977 eius
1154 1941 1200 1976 in
1222 1938 1415 1986 lapidem
1438 1944 1723 1981 conuerteret,
1749 1938 1808 1975 al-

154 1999 295 2033 teram
315 1994 414 2033 ense
435 2006 569 2043 quem
589 2006 728 2033 manu
743 1996 894 2037 tenuit,
916 1994 1136 2035 dissecans;
1158 1992 1300 2039 ficque
1317 1992 1546 2029 liberatam
1563 1991 1808 2028 Androme-

155 2048 259 2087 dam
282 2047 416 2087 inscio
441 2054 626 2096 vtroque
651 2048 848 2091 Parente,
874 2049 920 2084 in
945 2047 1139 2084 onrem
1165 2046 1352 2083 duceret.
1382 2044 1503 2091 Quin
1529 2044 1566 2082 &
1592 2044 1809 2082 Phineum

156 2100 326 2150 Cephei
351 2101 547 2140 Fratrem
572 2101 688 2140 hanc
713 2101 787 2139 fibi
813 2100 1086 2138 inuidentem
1111 2099 1479 2145 ambientemque,
1504 2097 1541 2135 8(
1565 2098 1619 2135 ob
1643 2098 1685 2135 id
1708 2100 1808 2135 vitae

155 2153 244 2193 suae
268 2154 444 2194 infidias
468 2155 714 2199 struentem,
739 2154 976 2192 virulentia
1000 2153 1180 2200 Capitis,
1207 2152 1325 2199 quod
1351 2151 1548 2199 gestabat,
1575 2153 1620 2188 in
1644 2150 1809 2189 Saxum

156 2208 330 2257 redegit,
347 2214 479 2256 atque
491 2210 634 2257 Argos
649 2220 749 2246 cum
761 2208 907 2245 onre
920 2206 1220 2249 Andromeda,
1237 2207 1430 2253 migrans
1446 2205 1532 2242 illic
1549 2204 1809 2242 consenuisse

156 2261 324 2300 dicitur.
341 2262 455 2300 Haec
471 2274 525 2300 ex
541 2261 746 2300 fabulofis
763 2261 972 2299 Veterum
989 2259 1328 2297 narrationibus.

209 2315 509 2354 Verofimilius
526 2315 581 2354 est
597 2315 665 2353 his
681 2315 877 2359 indicari,
894 2313 1199 2352 Vetustissimos
1211 2311 1453 2359 AEthiopes,
1471 2313 1546 2358 qui
1559 2311 1633 2348 sub
1645 2310 1809 2358 AEqua-

156 2373 250 2407 tore
269 2370 382 2407 inter
400 2374 620 2416 vtrunque
637 2368 794 2406 Polum
815 2370 860 2405 in
881 2368 1028 2405 media
1044 2366 1192 2404 Terrae
1212 2365 1356 2413 Plaga,
1378 2365 1637 2407 habitantes,
1659 2366 1810 2401 omnia

86 2433 121 2460 4ο
157 2421 310 2460 Sidera
325 2422 446 2470 quafi
462 2420 621 2460 directe
638 2423 893 2465 exorientia,
916 2421 953 2458 &
974 2420 1177 2458 Planetas
1199 2419 1312 2466 ipsos
1328 2418 1517 2456 multum
1534 2418 1588 2455 ad
1605 2420 1809 2455 verticem

158 2477 352 2523 capitum
372 2475 664 2519 ascendentes,
687 2487 829 2522 eoque
845 2475 1019 2522 plenius
1036 2473 1073 2511 8(
1090 2471 1350 2520 perspec'lius
1368 2472 1505 2509 oculis
1528 2474 1808 2512 incurrentes.

158 2528 310 2567 crebro
321 2529 621 2573 obseruatum,
635 2528 774 2567 Noc‘te
787 2539 965 2576 quoque
978 2529 1099 2565 omni
1112 2527 1344 2564 duodecim
1356 2525 1557 2563 existente
1569 2524 1809 2563 Horarum.

265 2590 299 2614 40
1769 2583 1808 2611 vt
