2243 3225
434 194 509 230 404
806 186 1259 226 ASTRONOMIAE
1281 185 1702 224 INSTAURATAE

435 300 563 335 etiam
580 307 655 342 per
672 295 1018 333 additamentum
1034 293 1175 330 KHA
1193 291 1458 339 Ree‘tangulo
1476 288 1490 341 ΙΙ
1506 289 1631 336 fade
1650 291 1705 329 est
1716 292 1919 340 Angulus
1936 293 2076 331 HKA
2101 301 2164 333 449

433 356 538 398 part.
556 350 618 386 69.
637 347 661 395 l.
679 348 763 391 502
781 346 964 394 aequalis
980 346 1179 383 videlicet
1197 345 1368 392 Compl.
1385 346 1584 382 minimae
1596 344 1867 389 Altitudinis;
1884 346 2077 394 Ideoque

434 404 564 440 Latus
575 401 619 438 H
628 402 680 445 A,
693 400 888 443 9387438,
899 399 1100 446 qualium
1109 398 1149 436 K
1156 399 1197 435 A
1207 398 1529 436 Semidiametr:
1541 397 1690 436 Terrae
1701 398 1913 437 10000000.
1927 398 2077 446 Quare

433 456 470 493 &
491 455 561 492 hic
583 453 783 491 existente
805 453 957 490 Latere
974 452 1061 490 AG
1078 452 1128 490 52
1145 451 1582 489 semidiametrorum
1596 450 1758 495 Terrae,
1780 453 1860 489 erit
1875 452 2078 500 Angulus

432 507 709 546 Parallaxeos
727 508 884 544 citimae
901 505 1039 543 KGA
1054 510 1162 552 part.
1180 505 1206 542 1.
1225 503 1250 552 l.
1268 504 1304 542 2.
1324 502 1367 552 sl.
1385 505 1421 542 4.
2115 519 2130 545 ⁵

484 1994 627 2041 Atque
646 2006 698 2032 ex
715 1995 782 2033 his
799 1996 1073 2034 manifestum
1086 1997 1152 2040 est.
1170 1998 1288 2045 quod
1301 1998 1433 2037 Stella
1450 1997 1545 2037 haec
1563 2001 1607 2036 in
1623 1998 1825 2046 suprema
1836 1998 1913 2038 sua
1923 1998 2078 2037 Altitu-

434 2047 532 2084 dine
554 2048 702 2085 saltem
723 2061 798 2096 per
819 2056 1021 2096 quartam
1042 2052 1201 2098 gradus
1222 2057 1403 2099 partem.
1426 2054 1594 2090 ratione
1614 2051 1871 2090 diuerfitatis
1886 2049 2079 2100 aspectus

435 2100 539 2137 Polo
552 2104 730 2148 propius
743 2103 920 2141 admota
932 2103 1080 2146 sufflet:
1099 2105 1148 2142 In
1161 2105 1387 2143 decliuiori
1399 2111 1549 2144 autem
1562 2106 1821 2144 Eleuatione
1835 2106 1971 2154 paulo
1982 2105 2080 2154 plus

435 2155 598 2201 integro
614 2155 750 2202 gradu
767 2156 821 2193 ab
839 2157 994 2194 eodem
1011 2157 1108 2204 plus
1125 2158 1335 2200 distitisset:
1353 2161 1412 2197 ita
1424 2165 1466 2196 vt
1483 2159 1707 2197 diuerfitas
1719 2159 1938 2207 Vtriusque
1952 2161 2079 2197 inter-

434 2207 654 2252 capedinis
671 2207 715 2245 fit
733 2209 773 2245 P.
789 2210 813 2246 l.
834 2208 929 2255 s.173
951 2209 1050 2248 sere.
1070 2211 1200 2258 Quod
1218 2212 1319 2250 sane
1336 2213 1405 2250 vel
1422 2215 1608 2251 minimo
1624 2213 1775 2260 aliquo
1792 2212 2079 2251 Instrumento
2118 2223 2147 2249 ιο

435 2259 730 2305 persentiscere
757 2262 940 2304 licuisset.
972 2264 1135 2302 nedum
1161 2265 1418 2312 Quadrante
1444 2273 1534 2304 tam
1559 2266 1688 2304 vanae
1713 2267 1980 2313 quantitatis,
2005 2267 2079 2314 qui

436 2312 598 2359 singula
616 2314 813 2361 scrupula
831 2318 970 2362 prima
988 2319 1031 2354 in
1049 2318 1266 2365 aliquotas
1283 2325 1426 2366 partes
1443 2319 1755 2358 subdiuidebat.

488 2365 530 2402 Si
549 2368 692 2413 itaque
707 2367 837 2406 Stella
855 2369 949 2407 haec
963 2370 1095 2408 Noua
1112 2374 1311 2418 proxime
1328 2374 1441 2410 intra
1458 2375 1651 2411 citimam
1668 2375 1989 2411 concauitatem
2001 2372 2079 2411 Or-

436 2418 498 2455 bis
513 2419 648 2456 Lunae
662 2423 862 2463 extitisset.
876 2434 1159 2470 nequaquam
1171 2426 1358 2463 eandem
1370 2426 1461 2463 Poli
1472 2427 1775 2468 Altitudinem.
1789 2437 1924 2474 quam
1935 2425 2080 2465 Stenae

438 2471 553 2508 Fixae
568 2472 870 2519 largiebantur.
886 2476 1190 2523 suppeditasset.
1204 2478 1446 2517 discrimine
1459 2480 1700 2518 admodum
1711 2479 1944 2527 conspicuo
1953 2481 2079 2518 inter-
2118 2489 2146 2515 ιε

1895 2533 2078 2571 cidente:
