2164 3246
388 229 1047 270 PROGYMNASMATUM
1069 232 1272 272 PRIMA
1294 235 1444 274 PARS
1686 239 1743 276 117

5 372 77 405 022
98 357 189 402 DE
210 355 410 401 VERAE
433 355 948 401 LONGITVDINIS
972 358 1176 403 LVNAE
1199 360 1287 404 EX
1311 362 1516 407 HISCE
1538 363 1742 408 TABU-

40 435 60 467 Ἰ-

44 618 61 644 5

31 1151 62 1178 15

31 2218 64 2246 35

32 2484 66 2512 40

638 423 723 462 LIS
744 423 1204 465 SUPPUTATIONE.

98 495 328 589 PRIMO
345 496 548 533 omnium
563 495 620 533 ad
636 495 788 533 datum
803 495 1010 543 Tempus,
1032 497 1270 537 secundum
1287 507 1410 538 vetus
1428 501 1743 540 Calendarium

175 549 411 592 Iulianum,
429 560 518 596 quo
529 550 576 586 in
586 547 655 586 his
666 548 1123 597 Progymnasmatibus
1139 551 1305 600 semper
1319 553 1376 590 vfi
1393 553 1551 596 sumus.
1570 555 1607 592 8(
1619 558 1745 603 juxta

95 602 284 642 nostram
295 604 513 640 rationem
524 607 764 649 aequatum.
777 602 1025 650 vsurpando
1038 616 1115 651 pro
1129 605 1228 643 Sole
1241 606 1458 644 Tabulam
1471 611 1743 654 aequationis,

96 667 196 705 quae
209 655 420 703 superiori
431 653 631 694 tractatui
643 655 696 693 de
708 655 821 693 Solis
833 657 1050 695 curriculo
1062 658 1347 706 subiungitur:
1366 660 1447 697 Pro
1461 660 1585 698 Luna
1598 669 1744 699 autem

96 721 207 754 eam,
219 720 356 757 quam
364 709 498 747 modo
507 708 814 756 praemifimus;
825 709 1099 758 investigetur
1110 712 1456 760 tumLongitudo
1467 713 1578 751 Solis
1588 716 1744 755 media.

95 768 189 803 tum
199 774 316 801 vera.
329 762 394 800 Ex
404 762 565 801 tabulis
576 773 681 800 vero
692 762 831 800 Lunae
843 763 974 811 medij
988 770 1133 802 motus
1147 766 1289 803 eidem
1298 765 1504 813 Tempori
1517 775 1744 814 coaequato

97 818 419 860 convenientes,
446 815 484 853 8(
508 827 632 854 more
657 815 767 854 alias
792 815 958 860 usitato,
985 824 1207 861 eruantur,
1234 819 1486 866 mediusque
1516 822 1574 864 (D,
1601 821 1745 858 medio

96 871 236 909 motui
251 869 391 908 Lunae
407 881 434 908 a
453 870 496 914 Θ
516 869 715 913 addatur,
737 875 784 907 ut
800 869 1047 918 Longitudo
1072 871 1100 915 D
1122 872 1176 909 ab
1198 871 1463 919 aequinoc‘tio
1480 873 1626 911 Verno
1647 886 1744 912 con-

96 923 302 963 nituatur.

149 976 353 1017 Secundo
369 987 471 1015 cum
484 975 727 1014 Anomalia
745 976 774 1021 D
791 976 1016 1025 ingredere
1033 978 1229 1016 tabulam
1242 978 1691 1026 Prosthaphaerefium.
1709 981 1745 1018 8(

97 1029 491 1079 Prosthaphaerefin
502 1029 794 1078 Epicyclicam
805 1042 894 1068 vna
906 1042 1007 1068 cum
1019 1031 1307 1079 Elongatione
1320 1044 1345 1070 a
1358 1032 1521 1071 Centro
1537 1033 1747 1079 (adhibita

98 1082 363 1124 correctione
383 1095 461 1131 per
480 1089 650 1131 partem
672 1084 1061 1131 proportionalem,
1086 1084 1115 1122 fi
1137 1086 1342 1133 gradibus
1363 1087 1614 1124 Anomaliae
1638 1086 1746 1124 scru-

97 1137 203 1187 pula
215 1136 494 1183 adhaeserint)
511 1148 707 1184 excerpe,
724 1137 936 1185 illamque
948 1143 1038 1176 tam
1051 1138 1330 1186 Longitudini
1346 1140 1373 1184 D
1387 1139 1441 1177 ab
1453 1138 1746 1187 AEquinofflo.

98 1202 233 1240 quam
255 1190 510 1229 Anomaliae
528 1192 655 1239 juxta
677 1190 906 1229 titulorum
930 1193 1194 1239 exigentiam
1217 1192 1340 1235 adde.
1367 1193 1436 1230 vel
1459 1193 1513 1231 ab
1537 1205 1589 1231 ea
1612 1193 1747 1235 aufer.

98 1250 144 1284 ut
159 1243 303 1284 ambae
319 1249 563 1292 coaequatae
580 1244 782 1282 evadant.

149 1297 297 1337 Tertio
319 1296 597 1337 subtrahatur
613 1297 755 1336 Verus
778 1298 901 1336 locus
928 1300 971 1343 Θ
998 1310 1024 1336 a
1048 1305 1277 1346 coaequata
1301 1299 1590 1347 Longitudine
1613 1301 1685 1345 (³,
1711 1299 1748 1337 8(

98 1363 199 1391 cum
214 1351 384 1390 refiduo
401 1351 623 1399 duplicato
640 1363 790 1399 quaere
807 1363 860 1390 ex
876 1352 1026 1390 tabula
1043 1355 1347 1400 aequationum
1364 1353 1747 1395 Eccentricitatem,

97 1417 186 1444 vna
201 1416 302 1444 cum
312 1405 583 1449 Variatione‚
601 1405 710 1452 (non
726 1404 921 1453 neglecta
937 1412 1098 1449 tamen,
1116 1405 1144 1443 fi
1157 1418 1267 1454 opus
1279 1406 1418 1449 fuerit,
1436 1413 1555 1453 parte
1571 1418 1748 1453 propor-

97 1458 252 1498 tionali
266 1458 428 1505 debita)
445 1470 546 1506 quae
563 1458 736 1497 seorfim
751 1459 1025 1497 asserventur.

150 1511 334 1560 Quarto,
354 1511 384 1550 fi
404 1511 568 1560 duplex
588 1512 664 1550 illa
685 1512 883 1551 distantia
900 1513 1220 1554 Luminarium.
1243 1524 1342 1550 cum
1364 1524 1452 1560 qua
1472 1513 1667 1551 tabulam
1687 1515 1748 1550 in-

98 1566 252 1615 gressus
268 1577 326 1610 es,
347 1567 494 1604 minor
509 1565 638 1604 fuerit
653 1565 937 1609 semicirculo.
960 1566 1331 1614 complementum
1348 1566 1477 1614 ipsius
1495 1566 1549 1604 ad
1566 1566 1748 1604 semicir-

99 1619 248 1658 culum
263 1619 526 1658 dimidietur.
543 1619 637 1663 Vel,
654 1618 684 1657 fi
699 1619 970 1657 semicirculo
982 1622 1124 1667 major
1136 1619 1275 1660 fuerit.
1294 1620 1478 1657 excessus
1488 1619 1617 1667 supra
1629 1619 1748 1657 semi-

100 1672 312 1711 circulum
327 1672 519 1711 fimih'ter
534 1672 797 1717 dimidietur,
815 1672 853 1711 &
868 1673 1167 1720 procreabitur
1183 1673 1369 1721 angulus
1386 1673 1584 1710 secundae
1602 1684 1748 1719 aequa-

100 1727 230 1765 tionis
238 1726 490 1771 anomaliae‚
502 1728 579 1774 qui
590 1732 691 1765 ante
701 1726 1021 1764 semicirculum
1031 1727 1214 1774 duplicis
1225 1726 1432 1764 distantiae
1444 1726 1750 1764 Luminarium

100 1779 352 1818 Anomaliae
362 1785 605 1827 coaequatae
617 1780 820 1823 addatur;
834 1780 922 1828 post
932 1792 1036 1818 vero
1047 1781 1100 1818 ab
1112 1780 1265 1818 eadem
1275 1779 1561 1821 subtrahatur,
1575 1786 1619 1816 ut
1630 1780 1749 1816 Ano·

100 1833 236 1872 malia
253 1833 444 1872 secundo
464 1839 696 1881 coaequata
716 1833 875 1872 existat.
898 1833 1030 1881 Sique
1052 1833 1146 1871 haec
1163 1833 1431 1871 semicirculo
1448 1835 1592 1870 minor
1608 1832 1746 1873 fuerit.

100 1886 320 1932 bffecetur,
335 1886 418 1931 vel,
435 1886 465 1925 fi
480 1889 624 1935 major
637 1887 778 1932 suerit,
797 1887 1185 1935 Complementum
1198 1889 1291 1934 eJ'us
1303 1887 1358 1924 ad
1370 1893 1508 1924 totum
1521 1885 1748 1924 Circulum

99 1939 320 1985 bisecetur,
332 1946 645 1988 quaeraturque
657 1940 733 1989 huj
739 1953 790 1979 us
803 1941 953 1989 anguli
965 1939 1106 1979 bisecti
1119 1952 1140 1978 e
1151 1940 1322 1978 Tabula
1332 1940 1624 1987 Tangentium
1635 1938 1747 1976 Tan-

98 2005 215 2042 gens,
231 2005 332 2042 quae
349 1996 428 2032 erit
444 1994 679 2033 Inventum
695 1996 882 2032 tertium.

151 2046 319 2094 Quinto
335 2047 673 2096 Elongationem
693 2048 721 2093 ))
739 2059 765 2086 a
782 2047 959 2089 Centro.
977 2047 1015 2084 8(
1032 2047 1403 2085 Eccentricitatem
1421 2048 1608 2083 invicem
1625 2045 1748 2085 adde.

98 2099 447 2149 produc'tumque
463 2101 657 2142 dimidia.
675 2101 713 2139 &
729 2101 910 2139 habebis
927 2103 1155 2138 inventum
1172 2102 1379 2148 primum:
1398 2111 1423 2137 a
1436 2111 1523 2147 quo
1537 2099 1748 2136 Eccentri-

100 2155 204 2193 citas
218 2153 438 2199 subducta,
455 2154 662 2203 relinquit
678 2157 908 2193 inventum
924 2154 1174 2195 secundum.
1193 2154 1310 2201 quod
1327 2153 1567 2200 multiplica
1579 2154 1623 2189 in
1635 2151 1748 2189 Tan-

99 2212 271 2256 gentem
281 2219 409 2246 arcus
419 2207 582 2253 Bucen,
594 2208 668 2246 seu
680 2210 910 2246 inventum
922 2210 1108 2248 tertium.
1122 2207 1160 2245 8(
1172 2209 1502 2254 provenientem
1515 2216 1749 2243 numerum

100 2260 242 2300 divide
263 2273 340 2310 per
360 2263 590 2300 inventum
611 2264 821 2309 primum:
844 2267 1004 2309 quotus
1026 2263 1103 2299 erit
1119 2260 1335 2308 Tangens,
1358 2261 1482 2307 cujus
1503 2258 1689 2306 angulus
1711 2260 1750 2295 ei

100 2313 453 2363 correspondenS,
469 2314 708 2354 subtractus
719 2315 774 2353 ab
787 2315 950 2363 angulo
962 2312 1118 2352 bisecto
1127 2316 1220 2362 jam
1233 2312 1357 2355 dicto,
1375 2313 1579 2359 relinquit
1593 2312 1749 2349 Eccen-

99 2369 292 2407 tricitatis
312 2368 721 2417 Prosthaphaerefin,
744 2367 1086 2406 subtrahendam
1107 2374 1207 2406 ante
1230 2366 1547 2405 semicirculum
1569 2365 1622 2403 ab
1645 2376 1748 2402 ano-

99 2420 235 2460 malia
249 2421 439 2460 secundo
455 2428 704 2470 coaequata;
721 2421 810 2470 post
826 2421 1146 2460 semicirculum
1162 2432 1266 2458 vero
1284 2420 1425 2458 eidem
1443 2419 1702 2457 addendam.

153 2473 254 2513 Hoc
264 2480 414 2514 tamen
426 2475 653 2524 diligenter
664 2475 922 2516 notandum.
940 2475 969 2512 fi
985 2474 1172 2522 angulus
1190 2473 1388 2511 secundae
1404 2473 1665 2519 aequationis
1679 2470 1749 2507 ab·

100 2526 259 2567 lativus
268 2527 410 2573 fuerit,
423 2528 461 2567 &
472 2531 615 2577 major
627 2528 716 2576 ipsa
728 2528 966 2571 anomalia,
982 2527 1254 2566 anomaliam
1267 2527 1321 2564 ab
1334 2538 1386 2563 eo
1399 2524 1748 2611 subtrahendas}⁹
