2164 3246
381 205 1040 246 PROGYMNASMATUM
1062 209 1375 249 SECUNDA
1397 211 1548 250 PARS
1725 214 1791 252 341

140 312 380 361 analogum
392 312 569 360 Regulae
581 312 718 357 alteri,
736 325 827 352 non
843 314 972 363 longe
985 327 1011 354 a
1023 316 1187 355 Centro
1199 329 1335 365 prope
1348 318 1388 356 K
1399 318 1655 367 appofitum,
1673 322 1791 368 quod

140 368 375 410 remoueri,
392 377 493 404 cum
508 365 606 404 vsus
622 366 867 414 postularet,
887 369 1026 416 posset‚
1044 370 1336 409 collimabam.
1354 372 1408 417 Jn
1425 375 1519 410 eius
1536 375 1654 411 enim
1670 374 1790 423 supe-

140 421 244 458 riori
255 425 390 467 parte‚
407 419 616 457 rimulam
628 420 854 467 quandam
867 421 1153 467 confeceram,
1166 436 1254 462 vna
1267 436 1366 462 cum
1378 425 1618 475 Pinnacidij
1633 431 1790 466 anteri-

140 475 240 518 oris,
249 473 461 521 superiori
469 472 636 517 Latere,
647 472 840 521 respectu
849 475 1066 514 inferioris
1077 476 1114 514 &
1125 477 1276 516 Centri
1286 478 1559 524 Parallelam,
1570 492 1646 528 per
1656 493 1790 529 quam

87 540 103 566 ⁵
140 526 365 571 intuendo,
374 526 571 565 Cochlea
581 526 772 575 oblonga
783 528 872 572 OE,
884 529 1156 568 Instrumenti
1166 531 1394 579 Angulum
1401 534 1640 577 variabam,
1652 535 1790 574 donec

140 579 274 620 Stella
289 580 424 618 Noua
440 582 485 618 in
501 579 710 628 superiori
729 581 969 630 Pinnacidij
989 584 1044 621 ad
1062 583 1098 622 C
1117 584 1252 622 limbo
1273 586 1448 633 praecise
1470 587 1790 633 collinearetur,

139 633 321 673 dimidia
340 633 404 671 l'ui
424 639 546 682 parte
564 639 751 678 extante,
773 635 999 684 alteraque
1015 637 1188 680 latente,
1211 645 1427 686 quantum
1443 640 1531 677 vllo
1549 641 1673 679 Vil'us
1690 653 1789 680 acu-

138 689 258 726 mine
274 686 514 726 discernere
530 687 651 725 licuit
667 687 765 734 (nec
781 689 887 726 dum
905 692 1023 728 enim
1039 691 1221 729 rimulas
1237 694 1371 739 priori
1387 693 1643 732 Pinnacidio
1659 698 1790 733 vtrin-

140 752 225 789 que
241 740 492 785 Parallelas,
514 752 615 789 quae
636 743 822 780 minimo
844 746 1018 791 negotio
1036 744 1189 782 Stellas
1207 746 1451 784 centraliter
1470 749 1696 792 rimantur,
1720 761 1789 787 ex-

72 807 103 833 ιο
139 794 394 843 cogitaram)
410 794 557 842 Atque
573 794 657 833 hoc
673 793 800 843 pacto
812 797 954 835 Arcus
966 799 1135 845 vtrique
1148 798 1404 837 Pinnacidio
1419 800 1498 839 BC
1514 803 1789 849 interceptus,

139 847 284 887 Stellae
295 847 425 896 supra
436 847 731 886 Horizontem
743 849 1049 888 Eleuationem
1061 853 1293 890 minimam
1306 852 1549 897 exhibebat,
1568 866 1701 902 quam
1717 856 1788 894 ob-

138 901 311 940 seruare
327 901 677 940 intendebamus.

192 954 420 1002 Quoniam
442 966 547 993 vero
572 955 765 994 leuicula
791 960 1086 996 commotione
1112 957 1206 996 fieri
1232 966 1412 1006 poterat,
1439 967 1481 998 vt
1506 961 1670 1009 Regula
1694 962 1789 1008 BA,

138 1008 339 1056 adeoque
354 1014 495 1047 totum
512 1008 862 1055 Instrumentum,
883 1022 908 1049 a
927 1010 1003 1049 sua
1020 1011 1170 1050 exacta
1187 1012 1471 1060 dispofitione,
1493 1016 1640 1062 quoad
1657 1015 1789 1054 Hori-

72 1074 102 1100 15
138 1063 279 1101 zontis
295 1062 594 1110 aequilibrium
609 1064 721 1101 inter
737 1063 1062 1103 obseruandum
1078 1065 1295 1104 dimoueri
1312 1070 1511 1114 potuerit,
1534 1068 1562 1105 fi
1583 1068 1692 1106 forte
1709 1069 1788 1108 ful-

138 1127 224 1160 cra,
249 1116 408 1164 quibus
433 1116 726 1160 incumbebat,
752 1117 961 1165 posterius
986 1118 1235 1166 praesertim,
1262 1120 1466 1158 nonnihil
1491 1132 1568 1168 per
1592 1121 1789 1161 subactos

139 1180 303 1208 cuneos
318 1170 532 1215 cederent,
550 1170 710 1209 idcirco
727 1173 850 1210 iuxta
866 1171 1076 1210 lineolam
1093 1173 1148 1211 ad
1166 1173 1217 1217 O,
1235 1175 1280 1211 in
1296 1174 1442 1212 medio
1456 1174 1631 1223 Regulae
1644 1175 1787 1214 inferi-

138 1224 226 1261 oris
240 1222 376 1267 fitam,
393 1235 529 1271 quam
544 1224 910 1272 perpendiculum
927 1225 1200 1264 Instrumenti
1217 1226 1295 1264 fitu
1311 1229 1389 1265 rite
1407 1227 1446 1265 se
1463 1227 1664 1273 habente,
1687 1241 1787 1268 con-

137 1277 300 1325 tingere
317 1276 477 1321 debuit,
499 1279 702 1325 vtrinque
720 1278 954 1317 diuifiones
974 1279 1183 1326 quasdam
1205 1280 1436 1325 habebam,
1458 1283 1503 1319 in
1524 1293 1664 1329 paruo
1682 1295 1787 1330 quo-

50 1335 110 1368 351
137 1329 240 1369 dam
264 1330 386 1368 Arcu
409 1330 504 1378 PQ,
531 1330 695 1370 Centro
721 1332 765 1369 N
790 1332 1012 1380 descripto,
1039 1335 1098 1371 ita
1123 1340 1166 1371 vt
1191 1345 1270 1381 pro
1295 1331 1632 1385 magnitu-ssdine
1658 1339 1787 1375 vnius

136 1383 296 1432 gradus
311 1385 358 1422 in
373 1383 449 1423 tali
466 1383 633 1423 Circuli
649 1384 984 1424 Semidiametro
1002 1388 1173 1425 minuta
1189 1387 1243 1425 ab
1260 1393 1442 1435 vtraque
1458 1394 1579 1436 parte
1596 1389 1787 1428 distribu-

138 1442 324 1482 erentur,
340 1437 635 1477 subtrahenda
651 1440 697 1476 in
713 1442 922 1478 anteriori
936 1440 1025 1483 ΟΡ,
1043 1440 1245 1479 addenda
1256 1452 1372 1485 vero,
1390 1443 1435 1479 in
1451 1441 1673 1489 posteriori
1686 1443 1786 1491 OQ,

136 1495 265 1539 prout
288 1491 654 1540 perpendiculum
679 1492 782 1531 hinc
805 1493 874 1531 vel
899 1494 1000 1532 inde
1027 1494 1350 1541 aliquantulam
1373 1495 1427 1533 ab
1451 1495 1698 1543 aequilibrio
1724 1499 1786 1535 in—

137 1543 420 1584 clinationem
442 1545 719 1585 monstrabat.
744 1546 901 1594 Sicque
922 1547 1120 1585 Altitudo
1144 1559 1220 1595 per
1240 1549 1406 1586 Arcum
1431 1548 1510 1587 BC
1534 1549 1786 1595 adinuenta,

67 1609 100 1636 2⁵
136 1596 311 1646 peraffia
322 1598 641 1638 Obseruatione
654 1600 891 1648 denuoque
903 1599 1092 1648 inspecto
1103 1602 1416 1648 perpendiculo
1430 1602 1708 1650 probabatur,
1727 1610 1786 1642 at-

137 1663 222 1700 que
237 1651 267 1690 fi
283 1663 394 1701 opus
411 1658 515 1698 erat,
531 1653 812 1692 limitabatur.
1496 1686 1499 1688 .

188 1705 387 1745 Altitudo
407 1718 513 1745 vero
530 1706 676 1746 Stellae
692 1707 938 1756 Peregrinae
960 1710 1156 1751 minima,
1179 1720 1313 1756 quam
1334 1709 1554 1747 multoties
1575 1710 1786 1748 adinueni

136 1761 492 1808 examinauique,
508 1760 563 1799 fic
578 1760 619 1799 se
635 1760 801 1799 habuit.

245 1828 505 1862 ALTITUDO
527 1829 694 1863 NOUAE
716 1830 930 1916 ΞΤΕΙὲΕΞξίἵ
949 1830 1142 1916 ῙῖξΙΙΙΝέΙὲΙΑ
1164 1831 1355 1863 SAEPIUS
1376 1831 1676 1864 EXPLORATA.

65 1885 100 1911 ³0
855 1908 862 1915 .
935 1909 942 1915 .
1017 1909 1023 1915 .
1097 1909 1103 1915 .

188 1941 394 1991 Cumque
405 1943 499 1982 Poli
511 1943 713 1982 Eleuatio
725 1944 1046 1993 Herritzwadij,
1064 1945 1135 1983 vbi
1148 1945 1487 1983 obseruationes
1501 1947 1545 1983 in
1558 1945 1640 1984 hac
1654 1945 1785 1984 Stella

134 1995 421 2043 vtplurimum
436 1997 645 2036 assecutus
661 1997 767 2041 sum,
785 1998 830 2036 fit
846 2004 953 2045 part.
970 1999 1032 2036 55.
1053 1997 1077 2045 s.
1095 1998 1145 2036 58
1161 1998 1259 2036 fatis
1275 1998 1462 2046 praecife.
1485 1998 1785 2038 deficientibus

134 2047 283 2088 saltem
307 2050 480 2089 duobus
505 2050 641 2099 [erup.
668 2052 723 2089 ad
748 2052 799 2089 56
823 2052 1040 2099 graduum
1066 2052 1417 2099 completionem.
1448 2052 1626 2090 distabat
1652 2052 1784 2091 Stella

134 2101 230 2141 haec
245 2114 272 2142 a
287 2103 394 2142 Polo
410 2104 573 2143 Mundi
590 2104 632 2142 P.
649 2105 712 2143 28.
731 2103 756 2152 l.
774 2105 826 2143 13.

64 2165 98 2192 35
187 2155 337 2203 Quare
350 2157 740 2206 Complementum
756 2158 890 2196 huius
904 2159 959 2197 ad
973 2158 1137 2197 Circuli
1154 2159 1456 2206 quadrantem.
1475 2161 1568 2197 eius
1581 2159 1783 2198 Declina-

133 2210 310 2255 tionem,
337 2210 425 2249 flue
448 2212 503 2250 ab
526 2211 769 2259 AEquatore
793 2212 1098 2250 Remotionem
1121 2214 1352 2251 minimam
1376 2212 1575 2260 patefecit
1598 2214 1643 2250 in
1666 2213 1783 2251 hunc

133 2263 328 2302 medum'
381 2298 687 2331 DECLINATIO
710 2299 875 2331 NOUAE
897 2299 1106 2330 STELLAE
1128 2299 1190 2330 EX
1211 2299 1322 2331 EIUS
1346 2299 1539 2331 MINIMA

634 2344 943 2376 ALTITUDINE
965 2344 1282 2382 CONQUISITA.

63 2398 97 2424 4ο
821 2391 863 2428 Ρ.
881 2391 932 2429 61.
951 2391 1013 2428 M.
1031 2391 1093 2429 47.

186 2454 351 2495 Omnia
375 2468 481 2496 vero
506 2458 809 2496 antecedentia
837 2460 950 2496 circa
976 2458 1315 2496 obseruationes
1346 2457 1479 2496 huius
1504 2457 1661 2500 Stellae,
1693 2465 1780 2496 tam

133 2509 280 2555 quoad
300 2509 532 2555 distantias,
554 2523 690 2559 quam
710 2511 891 2550 Altitud.
914 2511 951 2549 &
973 2512 1327 2550 Declinationem
1349 2510 1559 2549 hactenus
1581 2512 1780 2600 indicata.

1570 2576 1700 2611 perpe
1722 2575 1779 2600 uo
