2164 3246
390 225 1049 265 PROGYMNASMATUM
1073 228 1274 266 PRIMA
1298 229 1448 267 PARS
1678 230 1745 267 139

14 334 73 367 127
97 330 349 368 PROBATIO,
373 329 488 361 NUM
510 329 706 361 TEMPUS
727 329 877 361 VERAE
901 332 935 371 0‘
959 332 1061 363 AUT
1084 323 1128 374 00
1154 333 1257 363 RITE
1280 333 1352 364 SIT
1373 333 1729 365 CONSTITUTUM

43 562 59 588 5

29 827 59 854 10

30 1139 61 1166 15

439 383 469 414 81
490 382 756 421 QUOMODO
778 383 940 416 ILLUD
962 385 1296 417 LIMITANDUM
1320 386 1402 417 SIT.

181 437 676 479 XPERIMENTATIO
692 438 923 486 Temporis
935 452 1141 478 verarum
1152 441 1434 489 syzygiarum,
1453 454 1559 479 num
1573 453 1625 480 ex
1637 454 1744 489 prae-

199 492 452 532 cedentibus
468 493 547 530 rite
563 491 610 529 fit
625 492 926 537 adinventum,
944 500 1239 541 competenter
1255 495 1495 538 instituitur,
1513 495 1541 532 fi
1558 496 1612 533 ad
1629 496 1745 533 idem

94 548 288 595 Tempus
303 550 526 594 repertum
541 550 713 583 motum
729 546 951 594 utriusque
969 547 1219 585 Luminaris
1235 560 1389 585 verum
1410 548 1647 586 secundum
1669 561 1743 586 no-

93 601 224 640 strum
235 599 471 639 Calculum
482 598 680 646 superius
692 598 777 637 suis
788 599 894 637 locis
907 601 1125 644 traditum,
1139 601 1191 638 de
1204 603 1370 649 integro
1383 602 1743 649 pervestigaveris,

93 655 224 703 idque
247 652 392 692 debita
413 651 680 700 praecifione.
705 651 750 690 Si
773 655 935 691 etenim
955 660 1058 692 tunc
1082 656 1199 701 prior
1220 661 1364 692 motus
1387 655 1525 692 Lunae
1549 656 1603 692 ad
1627 655 1743 693 hunc

93 708 248 748 ultimo
268 709 499 745 inventum
519 717 611 743 non
633 708 898 751 convenerit,
920 707 1039 754 quod
1060 707 1185 745 facile
1207 709 1318 745 inter
1339 708 1497 745 multas
1514 710 1744 746 varietates

93 766 224 801 antea
243 771 336 799 non
356 759 596 798 declinatas
617 761 842 807 contingit:
865 759 1139 804 Differentia‚
1162 772 1262 808 quae
1283 762 1495 798 intercidit
1517 773 1616 798 cum
1634 761 1744 799 Solis

93 819 216 854 motu
231 813 403 857 collata,
424 812 570 851 debito
586 813 720 851 modo
737 812 968 851 limitanda
985 813 1051 857 est,
1074 813 1111 851 &
1132 816 1179 851 in
1194 820 1365 861 tempus
1382 826 1458 862 per
1479 820 1647 852 motum
1668 815 1743 852 ho-

93 870 260 908 rarium
275 867 415 906 Lunae
431 878 459 905 a
478 868 544 911 Θθ
560 867 869 905 convertenda.
887 867 1034 914 Atque
1050 869 1110 905 ita
1125 873 1297 915 tempus
1314 879 1430 905 verae
1451 871 1484 910 0‘
1504 873 1579 905 aut
1594 866 1636 916 <P
1652 868 1743 906 sub-

93 921 221 961 tiliter
248 919 533 960 emendatum
560 919 778 964 conficies,
807 922 853 958 in
880 932 1099 968 apparens
1126 932 1202 968 per
1227 921 1455 959 Tabellam
1482 923 1744 968 aequationis

94 975 233 1015 Lunae
250 974 324 1022 (ob
339 973 686 1022 implicationem
702 974 920 1020 annuam)
937 974 1053 1012 facili
1070 976 1245 1022 negotio
1262 975 1618 1012 convertendum.

174 1079 320 1112 RATIO
341 1078 670 1111 ENUCLEANDI
691 1078 1013 1110 PARALLAXES
1035 1078 1370 1111 LUMINARIUM
1394 1079 1444 1110 IN
1467 1079 1665 1110 ECLYPSI

847 1131 999 1163 SOLIS.

201 1187 482 1227 ISTANTIA
498 1189 541 1232 Θ
559 1187 614 1226 ab
626 1187 873 1226 Horizonte
885 1189 931 1225 in
943 1188 1105 1226 circulo
1117 1188 1310 1226 verticali
1322 1188 1377 1226 ad
1389 1188 1539 1225 datum
1550 1187 1743 1235 Tempus

213 1253 331 1280 verae
351 1244 386 1285 ό
405 1243 686 1285 conveniens,
703 1240 830 1280 facile
847 1243 892 1279 in
909 1252 1173 1288 quacunque
1187 1241 1440 1279 Elevatione
1457 1241 1558 1288 poli,
1576 1253 1628 1278 ex
1645 1241 1742 1278 doc-

94 1296 208 1334 trina
227 1297 357 1344 primi
376 1294 564 1339 mobilis,
586 1294 656 1333 vel
676 1297 821 1343 potius
837 1294 1099 1333 resolutione
1116 1297 1248 1332 unius
1270 1293 1338 1338 Ali
1355 1294 1565 1341 Sphaerici
1582 1294 1742 1332 consta—

94 1348 169 1388 bit:
186 1348 563 1397 Quandoquidem
575 1350 619 1393 Θ
634 1348 881 1391 declinatio,
894 1360 985 1386 una
997 1360 1097 1386 cum
1110 1348 1322 1386 Distantia
1335 1350 1427 1385 eius
1440 1360 1466 1386 a
1478 1348 1742 1388 MeridianO.

93 1404 302 1451 temporis
322 1404 482 1451 cogniti
501 1401 730 1447 beneficio,
752 1407 870 1446 nota,
892 1404 937 1440 in
958 1407 1133 1449 promtu
1154 1401 1243 1439 sint.
1266 1401 1440 1439 Dantur
1457 1403 1574 1438 enim
1591 1403 1635 1438 in
1651 1400 1742 1438 Tri-

94 1455 256 1505 angulo
272 1455 498 1504 Sphaerico
515 1456 604 1494 duo
620 1455 771 1500 latera,
788 1467 929 1494 unum
946 1467 999 1493 ex
1017 1455 1354 1503 Complemento
1367 1454 1620 1492 Altitudinis
1637 1454 1741 1497 Poli,

94 1509 281 1548 alterum
303 1521 357 1548 ex
380 1509 720 1557 Complemento
745 1509 1064 1547 Declinationis
1092 1507 1179 1553 (Dis,
1205 1520 1296 1546 una
1319 1520 1419 1546 cum
1442 1507 1603 1555 angulo
1628 1519 1741 1545 com-

94 1562 320 1611 prehenso,
337 1574 471 1611 quem
486 1565 662 1601 metitur
678 1562 893 1601 Distantia
908 1561 983 1607 Θἰ5
995 1574 1022 1601 a
1033 1562 1285 1600 Meridiano
1302 1564 1347 1599 in
1363 1561 1566 1609 gradibus
1578 1561 1741 1608 AEqua-

94 1618 210 1661 toris,
231 1628 286 1655 ex
304 1618 513 1665 temporis
531 1616 869 1655 antemeridiani
884 1616 954 1654 vel
970 1615 1261 1663 pomeridiani
1278 1615 1492 1657 mensura,
1514 1615 1647 1652 modo
1664 1613 1741 1651 ufi-

93 1674 183 1709 tato
199 1669 425 1709 elicienda.
442 1670 635 1718 Ideoque
651 1681 729 1718 per
744 1669 1086 1718 Triangulorum
1103 1670 1332 1707 ratiocinia
1349 1668 1553 1706 constabit
1569 1669 1742 1705 tertium

94 1722 219 1769 latus,
240 1723 615 1772 complementum
635 1723 891 1762 Altitudinis
917 1725 960 1768 Θ
983 1723 1112 1771 supra
1133 1722 1436 1765 Horizontem,
1461 1721 1671 1759 exhibens
1696 1722 1738 1765 Θ

94 1778 140 1816 in
154 1777 317 1816 circulo
333 1777 590 1816 Altitudinis
607 1789 629 1815 e
646 1779 824 1825 propria
840 1777 916 1815 sua
931 1776 1125 1819 Tabella,
1143 1776 1281 1814 Lunae
1299 1786 1475 1823 quoque
1493 1774 1741 1812 Parallaxes

94 1831 215 1870 iuxta
229 1836 552 1879 competentem
562 1830 686 1869 suam
697 1842 724 1869 a
735 1830 872 1868 Terra
883 1830 1156 1873 Distantiam,
1173 1829 1368 1867 adhibita
1384 1829 1458 1866 ubi
1475 1839 1585 1875 opus
1602 1827 1740 1869 suerit,

94 1889 215 1933 parte
234 1884 565 1933 proportionali.
590 1885 631 1922 A
652 1884 793 1922 Lunae
814 1883 1032 1922 Parallaxi
1053 1882 1177 1921 aufer
1197 1882 1448 1920 Parallaxin
1469 1881 1592 1923 Solis,
1618 1880 1654 1918 &
1679 1892 1740 1918 re-

92 1937 287 1977 manebit
297 1937 388 1977 sola
399 1937 640 1977 Parallaxis
655 1938 795 1976 Lunae
807 1949 834 1976 a
849 1937 926 1982 ΘῙθ
943 1939 988 1975 in
1005 1936 1167 1974 circulo
1182 1936 1433 1974 altitudinis.
1452 1934 1563 1972 Haec
1580 1940 1739 1975 autem,

93 1991 318 2039 quomodo
334 1991 515 2030 demum
525 1993 572 2030 in
584 1991 798 2039 Longum,
816 1991 1030 2029 Latumve
1047 1990 1321 2028 commodius
1338 1989 1562 2031 tribuatur,
1580 1987 1740 2034 postea-

93 2055 178 2093 que
201 2047 342 2084 motui
365 2045 504 2084 Lunae
526 2057 632 2083 vero
658 2050 954 2092 competenter
980 2043 1233 2091 applicetur.
1259 2048 1305 2080 ut
1328 2041 1442 2079 visus
1468 2047 1670 2088 emergat,
1697 2042 1741 2077 in

93 2098 294 2147 exemplo
314 2098 510 2147 sequenti
526 2098 756 2147 Eclypseos
773 2098 936 2136 Solaris
953 2096 1319 2135 demonstratione
1337 2106 1618 2142 exequemur,
1641 2105 1740 2131 cum

91 2151 212 2190 brevi
226 2151 506 2196 indicatione,
523 2152 749 2200 quomodo
762 2152 1009 2199 Pragmatia
1023 2150 1097 2188 illa
1109 2149 1251 2187 nostra
1263 2148 1520 2196 quibussibet
1533 2147 1629 2185 aliis
1641 2146 1739 2184 cafi-

91 2204 172 2244 bus
191 2203 304 2244 recte
320 2206 520 2254 adaptari
536 2211 679 2254 queat.
702 2205 835 2243 Nune
851 2204 1022 2242 tabulas
1038 2202 1281 2251 supradicto
1299 2204 1479 2249 negocio
1498 2200 1740 2248 Eclypsium

91 2258 370 2298 inservientes
387 2259 711 2308 subiungemus.
734 2259 883 2296 Postea
900 2257 1102 2305 exempla
1119 2268 1211 2294 rem
1228 2267 1418 2296 omnem.
1440 2255 1549 2293 alias
1571 2253 1739 2301 quibus-

90 2311 193 2351 dam
203 2312 312 2352 forte
323 2312 643 2358 subobscuram,
655 2312 923 2355 illustrantia,
937 2311 1151 2349 dabimus.
1170 2310 1304 2357 quue
1317 2311 1362 2347 in
1375 2309 1545 2346 duabus
1558 2306 1738 2355 Eclypfi-

89 2363 183 2411 bus,
199 2377 301 2415 quae
317 2365 402 2405 hoc
417 2366 628 2415 praesente
645 2377 766 2405 anno
783 2367 1045 2413 contingent.
1064 2360 1078 2414 ΙΙ

198 2586 246 2613 ιε·
1502 2572 1737 2610 TABVLA
