2326 3277
479 254 518 290 14
852 247 1305 287 ASTRONOMIAE
1327 245 1748 284 INSTAURATAE

477 363 644 395 motum
661 356 912 394 adamussim
929 356 1150 402 cognitum
1166 353 1396 391 necessario
1413 354 1656 399 requirunt;
1674 351 1729 389 ob
1746 351 1789 389 id
1800 363 1893 389 non
1904 352 1980 390 abs
1992 364 2038 390 re
2049 363 2120 390 me

477 409 692 448 fac‘lurum
712 408 908 451 arbitror,
929 407 958 444 fi
979 407 1142 445 Solaris
1163 408 1328 444 itineris
1348 406 1404 444 ad
1424 405 1520 443 haec
1540 404 1683 442 secula
1701 410 1952 443 accuratam
1967 417 2120 453 perue-

476 463 754 509 stigationem,
776 463 941 498 caeteris
958 460 1175 503 omnibus,
1198 471 1298 506 quae
1314 461 1360 496 in
1376 458 1459 496 hoc
1477 458 1622 505 Opere
1639 458 1990 503 continebuntur,
2011 470 2120 506 prae-

477 516 646 557 miserm
663 514 910 561 praesertim,
928 525 1029 551 cum
1045 525 1136 550 non
1152 513 1301 550 saltem
1318 523 1382 555 ea,
1400 523 1500 559 quae
1512 512 1568 549 ad
1580 510 1676 549 haec
1687 513 1859 549 nouitia
1870 511 1987 550 Coeli
1998 511 2120 550 Phae-

476 579 668 606 nomena
687 567 835 605 sedulo
857 566 1133 613 disquirenda
1153 567 1327 613 proprie
1347 567 1576 612 pertinent,
1597 564 1667 602 sed
1684 566 1816 602 etiarn
1832 564 2050 603 nonnulla
2065 565 2121 603 ad

475 621 609 669 ipsam
630 626 768 658 artem
789 620 1138 658 Astronomicam
1161 617 1317 656 re6iius
1341 629 1476 665 quam
1498 616 1710 656 haetenus
1732 617 2061 656 instaurandam
2083 618 2122 656 8(

474 674 825 721 promouendam
842 673 1033 720 impense
1049 672 1264 716 facientia,
1282 674 1328 709 in
1343 671 1540 709 medium
1557 671 1744 718 (quoties
1761 670 1927 709 occafio
1942 671 2120 718 patitur)

474 727 645 770 referre,
667 738 758 764 non
775 726 1078 770 inconsultum,
1100 725 1169 764 sed
1186 727 1383 772 apprime
1399 724 1501 762 vtile
1521 724 1787 762 censeamus.
1809 723 1893 762 Sed
1909 735 1965 762 ne
1981 724 2122 773 longis

474 780 729 827 ambagibus
741 792 809 817 res
821 780 910 827 ipsa
922 779 1157 822 differatur,
1171 779 1334 817 Solaris
1346 789 1481 825 quam
1490 778 1750 825 pollicemur
1759 777 1906 816 cursus
1914 777 1971 816 ad
1979 777 2122 817 nostra

474 839 671 880 tempora
688 833 853 871 caelitus
870 831 1101 871 deductam
1117 832 1484 875 emendationem,
1501 831 1816 879 aggrediemur.

527 887 662 924 Hunc
675 886 744 932 (de
757 898 845 933 quo
857 886 1097 933 loquimur)
1110 885 1269 929 Solem,
1286 884 1643 932 incomparabilis
1655 884 1727 922 ille
1739 884 1971 932 superioris
1983 886 2122 923 aetatis

474 940 760 979 Astronomus
772 940 814 976 N
818 939 1067 978 ICOLAVS
1080 938 1448 977 COPERNICVS
1461 934 1476 988 ΙΙ
1487 937 1762 982 Toronenfis,
1780 938 1835 976 ob
1850 940 2122 986 praecipuam

475 995 568 1030 eius
580 993 843 1040 dignitatem,
855 997 948 1030 tum
961 995 1091 1030 etiam
1104 992 1201 1040 alijs
1214 991 1473 1039 quibusdam
1485 989 1697 1029 adductus
1709 991 2020 1036 occasionibus,
2029 1003 2122 1030 non

474 1046 687 1084 dubitauit
704 1048 749 1083 in
766 1051 913 1083 centro
930 1045 1117 1083 vniuerfi
1132 1045 1305 1093 prorsus
1321 1047 1555 1082 immotum
1568 1044 1605 1082 8(
1617 1044 1909 1092 quiescentem
1923 1044 2121 1083 constitu-

474 1110 558 1143 ere,
575 1099 686 1136 adeo
702 1104 746 1136 vt
762 1110 853 1136 non
868 1098 1008 1136 solum
1025 1110 1178 1136 omnes
1195 1098 1352 1145 reliqui
1366 1098 1571 1142 Planetae,
1589 1109 1692 1136 eum
1707 1100 1753 1136 in
1769 1098 2013 1136 meditullio
2028 1097 2122 1137 sua-

474 1164 572 1190 rum
584 1151 915 1189 reuolutionum
927 1152 1219 1195 obseruarent,
1236 1151 1306 1189 sed
1318 1151 1408 1199 ipsa
1419 1153 1552 1189 etiam
1562 1151 1711 1196 Terra,
1723 1163 1813 1190 vna
1824 1163 1925 1190 cum
1936 1151 2010 1190 fibi
2022 1163 2123 1190 con-

473 1207 660 1243 termina
680 1205 819 1249 Luna,
843 1207 1075 1243 annuatim
1096 1207 1209 1243 circa
1231 1205 1422 1243 eundern
1442 1204 1828 1249 conuoluerentur‚
1851 1204 1950 1243 satis
1973 1207 2123 1253 capaci

473 1261 584 1296 inter
596 1258 760 1297 Orbem
773 1258 930 1296 Martis
941 1258 1168 1296 &Veneris
1180 1258 1265 1296 illis
1277 1256 1425 1296 relitsto
1437 1258 1593 1306 spacio.
1607 1258 1657 1296 In
1669 1270 1758 1306 qua
1769 1260 1902 1297 etiam
1912 1258 2124 1297 sententia

473 1311 683 1359 quosdam
699 1317 909 1355 veterum,
931 1313 1130 1359 inprimis
1148 1323 1253 1349 vero
1270 1311 1707 1350 ARISTARCHVM
1728 1311 1971 1350 SAMIVM
1991 1311 2122 1356 fuisse,

472 1365 667 1413 legimus.
684 1365 850 1402 Verum
866 1377 948 1403 nos
961 1365 1144 1403 Terram
1161 1370 1359 1403 centrum
1374 1365 1563 1403 vniuerfi
1579 1376 1808 1413 occupare,
1824 1377 1913 1404 vna
1929 1377 2030 1404 cum
2045 1377 2121 1404 an·

472 1419 708 1466 tiquissimis
719 1418 1003 1462 Astronomis‚
1021 1424 1061 1456 et
1078 1421 1370 1456 communiter
1385 1424 1558 1466 recepta
1574 1418 1941 1467 Philosophorum
1956 1418 2122 1457 senten-

471 1474 542 1515 tia,
560 1471 671 1509 nihil
686 1471 944 1516 haefitantes‚
962 1472 1110 1510 Solem
1127 1474 1240 1510 circa
1255 1471 1371 1510 hanc
1387 1484 1540 1510 annuo
1556 1472 1768 1510 conuolui
1779 1478 1903 1510 motu
1914 1473 2122 1511 asseuera-

471 1537 591 1563 mus:
622 1525 829 1563 Rationes
854 1537 931 1563 cur
955 1525 1051 1564 haec
1075 1525 1234 1564 summi
1258 1525 1375 1563 illius
1401 1525 1733 1570 COPERNICI,
1763 1531 1856 1564 vtut
1880 1525 2122 1564 admodum

472 1578 703 1626 ingeniose,
721 1578 759 1616 8(
775 1581 989 1617 concinne
1006 1581 1249 1627 excogitata
1265 1581 1526 1617 circuituum
1542 1581 1588 1617 in
1604 1579 1850 1617 Mundanis
1865 1580 2122 1627 corporibus

472 1634 779 1679 apparentium
799 1632 1025 1680 dispositio,
1047 1644 1092 1670 re
1114 1632 1202 1680 ipsa
1219 1635 1388 1670 veritati
1405 1644 1496 1670 non
1513 1632 1858 1680 correspondeat,
1879 1633 1990 1671 alias
2007 1632 2121 1671 suffi-

472 1687 634 1723 cienter
650 1685 867 1723 ostensuri.

524 1740 581 1776 At
605 1750 705 1776 cum
728 1739 836 1777 SOL
859 1739 958 1786 ipse.
984 1739 1208 1777 Tellurem
1231 1742 1276 1777 in
1298 1740 1445 1777 medio
1468 1739 1657 1778 vniuerfi
1682 1739 1864 1787 pofitam
1888 1742 2120 1778 annuatim

472 1791 682 1835 ambiens,
704 1792 866 1839 aequali
884 1792 921 1830 8(
937 1792 1011 1830 fibi
1026 1792 1193 1840 semper
1209 1792 1346 1835 simili,
1368 1795 1490 1831 iuxta
1507 1795 1824 1841 apparentiam,
1845 1805 1938 1831 non
1957 1792 2121 1832 feratur

471 1850 633 1889 tenore,
657 1848 702 1883 in
722 1845 888 1883 AEstiua
910 1845 1120 1893 liquidem
1140 1846 1358 1893 Eclipticae
1381 1852 1503 1893 parte
1526 1847 1703 1889 tardius,
1727 1848 1773 1884 in
1794 1847 1993 1885 Brumali
2013 1857 2119 1885 vero

471 1898 653 1936 celerius
669 1901 935 1946 promoueri,
952 1911 1029 1946 per
1045 1899 1333 1938 Instrumenta
1349 1900 1576 1948 diligenter
1591 1900 1842 1943 attendenti,
1862 1899 2118 1948 depraehen-

470 1952 608 1994 datur,
635 1954 680 1989 in
702 1958 872 1990 tantum
896 1958 938 1990 vt
962 1953 1016 1991 ab
1039 1951 1323 2000 AEquinoc'lio
1346 1965 1483 1991 verno
1505 1953 1637 2001 vsque
1663 1956 1708 1991 in
1731 1953 2017 1997 Autumnale‚
2043 1964 2120 2002 per

469 2010 608 2042 totum
625 2006 855 2043 Borealem
873 2006 1204 2048 semicirculum,
1222 2007 1312 2044 dies
1328 2007 1370 2045 81
1391 2007 1479 2044 fere
1495 2007 1594 2054 plus
1611 2019 1746 2054 quam
1763 2009 1807 2045 in
1823 2007 2025 2050 Australi,
2042 2018 2118 2045 no-

469 2058 549 2095 stro
562 2070 661 2096 aeuo
674 2059 914 2097 consumat:
932 2065 1077 2097 motus
1089 2066 1238 2097 autem
1251 2072 1405 2098 omnes
1417 2060 1608 2098 coelestes
1620 2061 1696 2098 esse
1708 2072 1784 2108 per
1795 2061 1835 2098 se
1848 2060 2069 2109 regulares
2081 2060 2119 2099 &

470 2112 721 2158 aequabiles,
739 2112 1035 2159 constantique
1053 2113 1145 2161 lege
1162 2113 1428 2151 circulariter
1440 2113 1552 2157 ferri,
1570 2125 1649 2161 pro
1661 2115 1897 2152 Axiomate
1909 2114 1964 2152 ab
1976 2113 2118 2152 Astro-

470 2167 612 2202 nomis
634 2165 838 2203 omnibus
862 2166 1122 2204 iamdudum
1144 2173 1366 2214 receptum
1383 2167 1444 2208 fit:
1466 2165 1780 2205 consectarium
1797 2170 1876 2205 erit
1892 2167 2054 2211 Solem,
2075 2173 2119 2205 vt

469 2217 646 2265 fimplici
671 2218 708 2255 8(
732 2219 919 2266 regulari
942 2219 1146 2257 voluatur
1172 2220 1401 2262 curriculo,
1428 2232 1518 2258 non
1545 2221 1829 2268 vndiquaque
1852 2221 2047 2264 Terram.
2072 2222 2119 2259 in

469 2270 544 2308 suo
565 2274 735 2309 tramite
757 2268 771 2320 ΙΙ
792 2272 890 2310 10εο
911 2275 1045 2310 centri
1063 2273 1282 2320 respicere,
1304 2273 1373 2311 sed
1390 2274 1510 2312 aliud
1528 2275 1764 2321 quoddam.
1787 2281 1908 2313 extra
1924 2273 2039 2312 hanc
2055 2273 2118 2312 sui

469 2326 671 2361 circuitus
688 2325 883 2362 obtinere
896 2326 1201 2363 meditullium.
1221 2327 1338 2364 Hinc
1352 2327 1418 2368 est.
1437 2328 1555 2374 quod
1568 2327 1707 2375 ipsum
1719 2330 1764 2366 in
1778 2328 1895 2366 Orbe
1907 2327 2118 2366 conuolui

469 2378 523 2415 ad
540 2377 697 2415 Terras
719 2378 980 2421 Eccentrico,
1003 2379 1071 2416 vel
1093 2380 1209 2426 quod
1231 2380 1347 2417 idem
1369 2380 1435 2421 ess.
1458 2381 1873 2430 concentrepicyclo.
1895 2380 2043 2419 multis
2063 2381 2118 2419 ab

469 2430 570 2468 hinc
587 2431 738 2468 seculis
755 2432 1030 2478 exploratum
1048 2432 1272 2470 habeatur.

523 2483 605 2521 Sed
623 2483 837 2522 facilitatis
854 2487 1002 2532 gratia.
1021 2486 1318 2524 Eccentricum
1337 2486 1406 2524 hic
1424 2487 1716 2534 praeserentes.
1734 2488 1881 2526 locum
1897 2498 1987 2535 quo
2001 2487 2118 2526 Sola

468 2536 602 2575 Terra
625 2539 924 2576 remotissimus
945 2539 1092 2576 euadit
1117 2540 1265 2586 (quem
1288 2541 1535 2587 Apogaeum
1557 2541 1625 2578 vel
1648 2542 1821 2589 Augem
1842 2540 2116 2589 nuncupant)

2077 2600 2118 2632 et

2162 837 2193 864 10

2158 943 2193 975 11

2164 1105 2194 1130 15

2160 1371 2194 1398 20

2159 1639 2192 1665 25

2156 2280 2194 2311 12

2156 2441 2190 2467 40
