2243 3225
438 211 505 248 170
812 204 1267 245 ASTRONOMIAE
1288 201 1710 241 INSTAURATAE

439 314 530 357 DE
560 311 736 364 ALIJS
768 310 1137 355 DUODENIS
1169 305 1907 353 CONSIDERATIONIBUS
1939 306 2013 350 IN
2044 306 2070 346 Q

469 380 700 423 STELLA,
721 378 854 416 TAM
876 377 1204 416 MATUTINA
1226 375 1410 422 QUAM
1431 374 1808 418 VESPERTINA,
1829 375 1870 412 A
1895 376 1938 418 Ε)
1961 374 2048 412 AD

493 440 661 479 FIXAS
678 439 1009 478 VICEUERSA
1026 437 1327 481 COLLATIS,
1339 436 1416 474 VT
1432 436 1563 475 EIUS
1580 436 1724 484 QUAE
1741 436 2029 475 LUCIDIOR

526 503 628 541 EST
649 502 836 540 SUPRA
858 500 1057 539 CAPUT
1079 507 1139 545 V,
1157 498 1449 538 ASCENSIO
1472 498 1666 537 RECTA
1686 498 1935 537 PLENIUS
1956 498 1994 537 δι

541 563 906 602 EUIDENTIUS
928 562 1105 601 CITRA
1126 561 1564 599 PARALLAXIUM
1584 560 1710 599 AUT
1731 560 1975 599 REFRAC-
2119 575 2135 600 5

614 625 860 664 TIONUM
882 623 1325 667 IMPEDIMENTA,
1347 622 1671 662 ERRORISUE
1691 623 1901 661 VLLAM

776 686 1191 730 SUSPICIONEM,
1214 685 1682 724 CONSTITUATUR
1703 685 1741 723 &

1027 747 1485 787 COMPROBETUR.

460 875 538 912 EX
564 872 1121 913 OBSERUATIONIBUS
1142 872 1319 911 ANNO
1346 872 1452 916 1582,
1481 871 1581 910 DIE
1606 872 1658 910 27
1683 871 1995 918 FEBRUARIJ
2018 871 2056 910 &
2123 886 2152 911 ιο

491 936 668 974 ANNO
686 935 792 979 1585,
809 935 850 973 21
868 934 1224 973 SEPTEMBRIS
1241 934 1493 977 HABITIS,
1511 934 1574 972 IN
1591 933 1719 972 ALT.
1740 935 1784 979 Θ
1804 934 1846 972 10
1861 933 2023 972 PART.

509 1002 642 1041 NNO
667 1002 773 1046 1582,
800 1001 884 1039 Die
905 1001 956 1039 27
976 1000 1214 1049 Februarij,
1236 1001 1347 1039 Hor.
1369 1001 1405 1038 4.
1427 1000 1491 1038 M.
1514 1000 1566 1039 18.
1588 1000 1631 1038 P.
1650 1001 1712 1038 M.
1740 1000 1954 1039 Distantia
1973 1002 2084 1039 inter

545 1056 693 1094 Solem
709 1055 746 1093 &
766 1058 792 1098 Q
812 1067 888 1102 per
899 1055 1151 1093 Sextantem
1163 1054 1445 1102 Trigonicum
1457 1054 1500 1091 Ρ.
1513 1054 1575 1092 46.
1588 1052 1682 1102 l.101
1699 1054 1963 1102 capiebatur.
1975 1054 2083 1092 Alti-

432 1110 520 1147 tud.
538 1109 650 1147 Solis
666 1114 768 1147 tunc
785 1114 876 1146 erat
890 1108 932 1146 P.
946 1108 999 1146 10.
1017 1107 1197 1146 Altitud.
1214 1111 1240 1151 Q
1260 1107 1302 1145 P.
1315 1108 1378 1146 45.
1396 1107 1646 1146 Declinatio
1665 1110 1692 1151 Q
1711 1107 1753 1145 P.
1767 1108 1820 1146 15.
1835 1106 1860 1155 Ι.
1873 1108 1915 1146 51
1927 1107 2081 1146 Borea.

668 1178 723 1237 Α
938 1161 1002 1199 Ex
1021 1160 1203 1199 Tabulis
1224 1160 1389 1205 nostris,
1415 1161 1558 1199 Locus
1586 1162 1630 1205 Q>
1658 1163 1867 1199 inuentus
1887 1160 1943 1198 est
1963 1160 2006 1199 P.
2028 1160 2081 1200 18.
2122 1174 2151 1200 15

937 1213 962 1262 l.
975 1215 1029 1253 51.
1044 1213 1088 1262 ll.
1100 1215 1152 1252 22
1170 1216 1226 1259 )(.
1243 1214 1446 1252 Ascenfio
1463 1213 1593 1252 Recta
1608 1214 1693 1252 loci
1710 1216 1804 1252 eius
1820 1214 1862 1252 P.
1876 1214 1965 1252 349.
1980 1212 2006 1262 Ι.
2018 1214 2081 1253 45.

937 1266 980 1316 ll.
998 1268 1061 1306 47.
1079 1268 1201 1306 Decl.
1219 1268 1261 1305 P.
1278 1268 1315 1305 4.
1334 1266 1359 1315 l.
1376 1267 1450 1307 25}—
1465 1267 1605 1305 Austr.

990 1321 1140 1368 Quare
1162 1323 1208 1359 in
1228 1321 1312 1359 hoc
1333 1320 1577 1365 Schemate,
1598 1320 1671 1359 vbi
1686 1321 1727 1358 A
1744 1321 1901 1359 Polum
1916 1320 2081 1368 AEqua-

935 1376 1052 1417 toris,
1081 1375 1114 1412 B
1138 1374 1298 1418 Solem,
1327 1374 1364 1412 C
1387 1374 1607 1412 Venerem
1634 1374 1924 1422 repraesentat,
1952 1373 2082 1412 habet

935 1428 1201 1476 Triangulus
1222 1427 1350 1466 BAC
1371 1430 1524 1466 omnia
1543 1430 1626 1466 tria
1647 1428 1804 1466 Latera
1824 1433 1940 1466 nota.
1963 1427 2082 1466 Nam
2117 1440 2150 1466 20

936 1482 1014 1519 BA
1032 1481 1087 1519 est
1102 1481 1145 1519 P.
1163 1482 1225 1520 94.
1245 1479 1269 1529 l.
1286 1481 1372 1525 253,
1389 1480 1557 1520 adiecta
1574 1481 1882 1519 Declinatione
1898 1480 2011 1520 Solis
2027 1481 2081 1519 ad

936 1535 1243 1582 quadrantem:
1262 1535 1355 1578 CA,
1372 1534 1414 1572 P.
1425 1535 1488 1573 74.
1503 1533 1528 1582 l.
1539 1535 1575 1578 9,
1594 1534 1983 1582 Complementum
1995 1534 2080 1573 De-

936 1588 1184 1626 clinationis
1200 1592 1242 1631 Q.
1256 1588 1343 1631 BC,
1356 1588 1399 1626 P.
1410 1589 1472 1626 46.
1487 1587 1512 1635 l.
1524 1588 1600 1631 101,
1612 1588 1811 1626 distantia
1822 1584 2081 1638 obseruata„

936 1642 1128 1689 Ideoque
1154 1644 1343 1679 innotuit
1368 1642 1571 1689 Angulus
1597 1641 1738 1685 BAC,
1763 1647 1870 1689 part.
1892 1642 1947 1679 41.
1970 1639 1996 1689 Ι.
2016 1641 2079 1680 55.
2107 1647 2165 1680 166

447 1711 485 1752 C
937 1693 980 1743 ll.
995 1695 1058 1739 35,
1080 1696 1222 1733 Arcus
1238 1694 1493 1742 AEquatoris
1514 1697 1625 1733 inter
1646 1695 1793 1733 Solem
1810 1694 1848 1733 &
1863 1695 2081 1733 Venerem
2117 1706 2149 1732 25

936 1748 1308 1796 compraehensus;
1321 1750 1396 1796 qui
1409 1749 1581 1786 additus
1590 1748 1842 1787 Ascenfioni
1854 1747 1996 1787 Rectae
2005 1747 2080 1787 So-

935 1802 987 1839 lis
1003 1802 1202 1849 producit
1218 1801 1387 1840 Ascens.
1405 1805 1431 1845 Q
1450 1802 1492 1839 P.
1510 1802 1564 1840 31.
1583 1801 1608 1849 l.
1626 1802 1680 1840 41.
1700 1800 1742 1850 ll.
1760 1802 1823 1840 22.

989 1855 1156 1893 Eodem
1173 1855 1258 1892 Die
1274 1855 1317 1892 P.
1331 1855 1394 1892 M.
1412 1855 1522 1893 Hor.
1536 1855 1572 1893 6.
1586 1855 1649 1893 Μ.
1662 1855 1725 1899 23,
1742 1855 1957 1894 Distantia
1971 1857 2081 1893 inter

436 1907 488 1949 D
868 1907 919 1958 E
935 1908 1155 1946 Venerem
1171 1908 1209 1946 &
1227 1908 1419 1947 Oculum
1440 1912 1481 1953 ὅ
1502 1914 1608 1956 part.
1626 1909 1689 1947 30.
1706 1911 1811 1947 min.
1828 1909 1864 1947 6.
1884 1910 2079 1947 inuenie-

759 1925 861 1989 ¹
874 1989 900 2036 ι
935 1962 2079 2063 tffiuffzeffiggssaessgffiffgfflzaeffssdpffiffissz
2115 1973 2148 1999 ³⁰

432 2066 584 2104 Borea.
603 2067 800 2106 Altitudo
816 2068 1000 2106 Veneris
1016 2075 1119 2106 tunc
1135 2068 1365 2116 Temporis
1382 2075 1473 2107 erat
1489 2071 1688 2117 proxime
1704 2069 1755 2108 33
1771 2075 1878 2117 part.

485 2119 545 2157 Sit
562 2132 679 2158 nunc
696 2123 740 2158 in
757 2122 960 2169 assignata
978 2122 1256 2169 Figuratione
1269 2122 1402 2160 Latus
1415 2123 1505 2165 BA.
1522 2123 1564 2160 P.
1578 2123 1640 2161 74.
1655 2121 1752 2170 161.
1770 2122 2079 2170 Complemen-

431 2178 522 2210 tum
535 2173 854 2212 Declinationis
866 2175 1050 2212 Veneris
1067 2176 1121 2213 ad
1139 2176 1442 2222 quadrantem.
1460 2176 1541 2214 CA
1555 2182 1662 2223 part.
1675 2177 1737 2214 74.
1751 2178 1855 2214 min.
1867 2176 1930 2218 24.
1948 2175 2078 2214 Com·

431 2226 701 2272 plementum
723 2227 1043 2266 Declinationis
1065 2229 1194 2266 Oculi
1221 2233 1282 2273 *ἅς
1305 2229 1384 2267 BC
1405 2229 1602 2267 distantia
1619 2230 1802 2268 Veneris
1823 2229 1861 2267 ἃ
1883 2229 2012 2268 Oculi
2034 2231 2074 2273 ”d
2114 2239 2146 2266 ³5

431 2285 536 2326 part.
550 2279 611 2317 30.
626 2282 728 2317 min.
742 2281 777 2318 6.
792 2281 910 2318 Hinc
923 2282 1125 2329 Angulus
1139 2282 1256 2320 BAC
1270 2294 1345 2329 per
1357 2285 1660 2330 operationem
1672 2285 1892 2325 inuentus.
1904 2288 2012 2330 part.
2024 2281 2076 2320 31.

431 2334 534 2369 min.
549 2333 601 2370 18.
616 2331 658 2379 ll.
672 2334 708 2374 0,
726 2336 899 2372 metitur
916 2334 1207 2372 differentiam
1225 2335 1577 2374 Ascenfionalem
1595 2338 1705 2374 inter
1716 2336 1935 2374 Venerem
1951 2335 1989 2374 ἃ
2005 2334 2077 2373 Α]-

431 2385 651 2423 deboram.
667 2387 818 2424 Motus
830 2387 1014 2425 diurnus
1028 2388 1346 2426 Ascenfionalis
1359 2390 1541 2427 Veneris
1553 2390 1603 2428 57
1616 2392 1720 2427 min.
1734 2390 1872 2427 Horis
1883 2391 2030 2437 itaque
2040 2387 2076 2426 2.

432 2438 493 2475 M.
507 2439 542 2476 5.
561 2439 895 2487 correspondent
913 2443 956 2478 in
969 2441 1211 2488 AEquatore
1229 2444 1332 2479 min.
1345 2444 1380 2479 4.
1396 2442 1438 2489 ll.
1452 2444 1514 2481 57.
1533 2443 1658 2481 Vnde
1675 2455 1751 2490 per
1767 2454 1922 2481 eorum
1938 2442 2076 2480 adiec-

431 2493 595 2529 tionem
620 2493 673 2530 ad
699 2493 1004 2531 Ascenfionem
1030 2493 1204 2532 Rec‘lam
1228 2495 1410 2532 Veneris
1434 2508 1459 2533 a
1483 2496 1583 2534 Sole
1610 2499 1851 2538 inuentam.
1877 2495 2077 2587 prsougfiit
2111 2503 2144 2531 ιο

1877 2550 1918 2587 Α
1937 2560 1985 2587 ce
2050 2558 2076 2585 o
