2164 3246
76 809 110 836 10

392 206 1052 247 PROGYMNASMATUM
1074 209 1382 248 SECUNDA
1403 211 1555 250 PARS
1722 212 1800 251 379

147 320 240 407 ἓξὲξ)
257 313 320 405 lzlid
345 313 529 351 modum
553 312 806 352 Affixarum
831 314 1066 354 Stellarum
1092 317 1378 364 conquiescat,
1406 318 1482 356 nisi
1507 319 1562 357 ad
1588 330 1663 357 eas
1688 319 1799 367 ipsas

228 379 255 406 o
291 373 400 406 atur.

200 421 357 469 Sicque
378 426 523 459 motus
544 422 706 469 propi-ij
730 424 936 465 carentia,
958 422 1263 462 Reuolutionis
1284 425 1454 463 diurnae
1472 425 1682 473 exquisita
1698 438 1798 464 con-

146 476 413 518 comitantia,
444 473 702 513 Scintillatio
732 475 975 520 coruscans,
1007 488 1107 524 quae
1133 480 1284 516 omnia
1309 490 1410 516 cum
1435 478 1551 516 Fixis
1577 479 1798 517 Sideribus

147 530 403 567 communia
425 527 590 572 habuit,
614 530 813 575 apprime
837 531 969 567 etiam
992 532 1113 568 iuxta
1136 530 1217 569 has
1239 531 1545 579 Copernianas
1568 535 1797 571 ratiocina-

145 584 287 621 tiones
303 581 432 629 (quas
442 586 593 619 tamen
604 581 790 620 absonas
802 583 891 626 esse,
909 583 1019 621 alias
1033 583 1324 631 ostendemus)
1343 585 1564 624 consistere
1581 592 1797 633 poterunt,

146 635 331 683 haecque
347 635 497 683 ijsdem
513 635 753 683 adaequari.

200 688 467 728 DVRATIO
484 688 658 736 insuper
674 689 786 727 adeo
803 689 1023 735 diuturna,
1046 703 1133 738 qua
1151 693 1318 740 integro
1336 693 1483 736 Anno,
1501 692 1538 730 8(
1555 695 1726 731 tertiam
1743 694 1798 731 ad

146 744 293 781 minus
316 744 411 781 eius
433 747 602 790 partem
624 742 933 790 perseuerauit,
957 744 1054 782 satis
1076 745 1364 789 attestabatur,
1389 757 1488 783 eam
1509 748 1554 783 in
1575 746 1798 785 sublunari

146 795 419 844 instabilique
434 798 621 834 materia
633 796 671 834 &
683 796 781 835 loco
798 808 890 835 non
907 798 1091 836 extitisse.
1110 798 1200 836 Illic
1217 801 1335 837 enim
1351 799 1380 837 si
1397 800 1576 846 quando
1593 802 1796 838 exoriun-
1848 820 1852 823 ·

145 855 215 889 tur
231 849 475 888 Meteorica
491 849 694 897 Corpora
709 850 979 889 luciditatem
995 852 1221 899 quandam
1237 864 1328 900 prae
1344 852 1384 890 se
1401 852 1597 897 ferentia,
1617 865 1708 891 non
1724 854 1797 891 ad-

145 903 329 942 modum
340 903 416 942 diu
426 903 665 951 perdurare
678 910 857 951 queunt.
875 904 1097 952 Quicquid
1114 908 1232 943 enim
1249 907 1382 951 ardet,
1399 906 1612 954 pabulum
1629 909 1797 954 quaerit,

145 968 226 996 nec
241 959 288 995 in
303 968 393 995 vna
407 959 593 996 materia
608 957 912 1002 consumtibili,
935 958 1078 1006 qualis
1095 959 1149 997 est
1166 959 1466 1003 Elementaris,
1484 960 1558 998 diu
1575 960 1796 998 consistere

145 1010 290 1060 potest,
306 1010 377 1049 sed
393 1010 476 1049 hac
493 1010 719 1049 consumta
735 1010 968 1059 efflagrans
981 1012 1167 1060 conspici
1179 1013 1340 1051 desinit.
1359 1013 1426 1052 Sic
1440 1013 1477 1050 8(
1490 1013 1688 1052 Cometae
1700 1014 1797 1052 licet

58 1071 122 1104 408
146 1075 304 1103 reuera
323 1076 378 1103 ex
396 1064 663 1103 Elementari
680 1064 873 1103 Materia
892 1077 984 1103 non
1005 1062 1019 1115 ΙΙ
1041 1066 1243 1110 constent,
1265 1078 1409 1114 neque
1431 1069 1564 1105 etiam
1585 1066 1699 1105 infra
1716 1067 1798 1105 Lu-

75 1291 110 1372 84

73 2149 108 2175 35

145 1129 252 1157 nam
266 1124 541 1167 generentur,
557 1117 629 1156 sed
644 1120 691 1156 in
704 1118 879 1157 Coelesti
891 1119 1079 1163 Mundo,
1097 1131 1119 1157 e
1138 1119 1312 1158 Coelesti
1324 1122 1456 1158 etiam
1468 1122 1663 1164 materia.
1680 1120 1799 1158 velut

145 1171 453 1220 posterioribus
469 1172 608 1210 Libris
625 1172 678 1210 de
694 1172 763 1210 his
780 1184 833 1210 ex
849 1172 1029 1220 professo
1046 1171 1195 1217 adiuti,
1211 1173 1456 1212 luculenter
1472 1173 1797 1221 patefaciemus,

145 1227 382 1264 minimum
402 1226 647 1264 durationis
668 1228 907 1264 terminum
927 1226 1064 1264 sortiri
1085 1226 1247 1274 septem
1263 1227 1450 1265 Dierum
1471 1229 1711 1275 antiquitus
1728 1228 1798 1265 de-

145 1278 361 1328 praehensi
381 1279 494 1324 sunt;
518 1278 807 1328 longissimum
827 1291 933 1318 vero
956 1280 1007 1318 80
1028 1281 1104 1318 esse
1125 1280 1288 1318 Textus
1311 1280 1442 1319 habet
1462 1281 1701 1325 Plinianus‚
1726 1281 1797 1319 vbi

145 1338 295 1372 tamen
310 1332 448 1381 aliqui
464 1338 641 1371 centum
657 1333 889 1372 desiderari
908 1340 1153 1377 autumant,
1174 1336 1234 1372 ita
1249 1340 1293 1372 vt
1309 1334 1375 1372 180
1392 1334 1499 1372 Dies
1514 1334 1686 1382 legendi
1702 1333 1796 1372 sint:

145 1386 302 1435 Sicque
311 1386 384 1425 sex
393 1386 582 1431 Menses,
594 1386 682 1425 siue
693 1387 900 1425 dimidius
909 1388 1070 1425 Annus
1081 1387 1273 1434 ipsorum
1285 1388 1556 1426 diuturnitati
1569 1387 1781 1426 sufficeret
1790 1400 1798 1431 ;

146 1439 278 1488 Quod
298 1440 337 1479 &
356 1440 646 1479 verosimilius
667 1440 734 1478 est.
757 1441 916 1488 Neque
938 1443 1057 1478 enim
1072 1441 1185 1479 vllus
1203 1441 1409 1479 Cometes
1427 1443 1473 1478 in
1489 1441 1691 1489 Historijs
1712 1440 1797 1479 fide

145 1493 286 1542 dignis
301 1493 564 1539 describitur,
582 1496 657 1542 qui
673 1493 758 1532 hoc
774 1500 946 1542 tempus
964 1495 1188 1537 excesserit,
1207 1494 1244 1532 8(
1260 1494 1334 1537 illi.
1353 1496 1428 1542 qui
1444 1494 1653 1542 superiori
1671 1500 1797 1533 aetate

145 1547 661 1592 REGIOMONTANO,
683 1548 1109 1592 FRACASTORIO,
1127 1548 1403 1591 APPIANO,
1425 1547 1674 1586 GEMMAE
1691 1548 1797 1585 FRI-

145 1600 238 1640 SIO
254 1599 468 1649 conspecii
486 1601 594 1646 sunt,
616 1601 701 1639 hoc
717 1601 911 1649 Tempus
927 1601 1180 1640 nullatenus
1197 1604 1440 1649 attigerunt.
1464 1601 1557 1639 Nec
1574 1603 1706 1639 etiam
1723 1601 1797 1638 vlli

145 1666 199 1693 ex
213 1656 266 1704 ijs
282 1666 394 1703 quos
410 1653 623 1694 hactenus
639 1655 806 1703 ipsimet
822 1655 1024 1699 vidimus,
1044 1655 1212 1693 tamdiu
1228 1655 1574 1703 perseueratum.
1597 1655 1796 1702 Longissi-

144 1720 265 1747 mam
280 1713 456 1747 aetatem
472 1709 681 1747 assecutus
698 1709 816 1752 estis,
840 1711 914 1757 qui
931 1710 1066 1746 Anno
1082 1708 1176 1747 1577
1193 1708 1463 1752 cernebatur,
1486 1709 1537 1746 de
1559 1720 1648 1755 quo
1666 1708 1795 1746 Libro

144 1773 249 1801 mox
272 1761 478 1810 sequente
503 1774 704 1811 agemus;
731 1763 889 1810 Neque
915 1768 1064 1800 tamen
1088 1768 1173 1800 tres
1199 1762 1374 1800 Menses
1400 1762 1597 1800 Lunares
1623 1761 1796 1809 prorsus

144 1815 414 1864 adimpleuit‚
436 1816 555 1864 quod
576 1816 808 1855 dimidium
829 1818 924 1854 eius
939 1816 1170 1863 Temporis
1191 1815 1258 1859 est,
1280 1816 1519 1853 diutissimae
1538 1814 1753 1853 mansioni
1771 1827 1796 1853 a

145 1869 374 1908 Veteribus
390 1869 594 1908 attributi.

198 1922 349 1971 Quare
361 1935 463 1962 cum
473 1923 570 1962 haec
582 1934 734 1961 recens
743 1923 875 1962 Stella
885 1923 995 1961 vltra
1005 1922 1256 1961 consuetam
1267 1922 1554 1961 Cometarum
1564 1922 1795 1969 periodum

144 1975 280 2015 ferme
302 1977 431 2025 triplo
454 1977 553 2025 plus
575 1977 833 2025 perdurarit,
858 1976 1200 2014 consentaneum
1224 1976 1279 2014 est
1301 1987 1399 2014 eam
1420 1975 1547 2022 supra
1569 1975 1794 2023 vulgarem

145 2030 388 2069 eorundem
403 2030 572 2075 sortem,
589 2033 718 2079 igitur
734 2030 771 2068 8(
788 2030 947 2073 locum.
966 2030 1202 2068 exaltatam
1218 2029 1350 2071 fuisse:
1368 2029 1555 2076 ideoque
1573 2040 1663 2066 non
1681 2031 1794 2066 intra

144 2083 426 2123 Planetarum
445 2086 706 2133 gyrationes.
728 2084 798 2122 vbi
816 2083 1020 2133 Cometae,
1032 2083 1269 2126 versantur,
1290 2082 1360 2120 sed
1381 2085 1426 2120 in
1447 2082 1544 2120 loco
1565 2081 1709 2120 adhuc
1731 2081 1793 2119 su-

143 2136 356 2183 blimiore,
372 2143 520 2186 vtpote
537 2138 833 2176 Inerrantium
849 2137 1083 2175 Stellarum
1101 2137 1411 2179 Firmamento,
1430 2137 1599 2174 tamdiu
1615 2134 1795 2173 firmiter

144 2190 309 2230 mansit.

197 2244 356 2283 Poterit
378 2245 558 2293 quidem
580 2244 862 2293 plausibiliter
886 2244 957 2282 hic
979 2241 1262 2281 contradietio
1285 2245 1469 2286 moueri,
1497 2242 1653 2280 exinde
1678 2242 1794 2289 quod

144 2296 277 2337 Stella
292 2298 388 2337 haec
404 2304 495 2337 tam
510 2298 861 2347 magnitudinem
878 2299 1012 2345 quam
1030 2297 1239 2335 Colorem
1255 2296 1478 2334 successiue
1496 2296 1699 2336 alterarit.
1722 2296 1794 2333 do-

144 2362 225 2390 nec
240 2354 373 2391 etiam
388 2352 562 2400 prorsus
579 2352 805 2390 consumta
821 2351 1090 2399 disparuerit,
1113 2350 1233 2398 quasi
1250 2351 1304 2388 ob
1321 2351 1363 2388 id
1380 2352 1425 2387 in
1442 2349 1703 2387 immutabili
1720 2349 1795 2386 illo

56 2410 121 2443 409
145 2404 341 2444 Coelestis
354 2405 557 2454 Regionis
568 2402 810 2455 Thea-ntro.
828 2417 883 2443 ne
896 2405 1074 2452 quidem
1087 2404 1369 2442 Planetarum
1381 2403 1545 2441 nedum
1557 2402 1795 2440 sublimiori

144 2457 395 2497 Affixarum
411 2459 646 2498 Stellarum
663 2459 848 2502 extitisse,
865 2457 1108 2496 verosimile
1125 2457 1187 2495 fit:
1209 2457 1278 2495 sed
1300 2459 1444 2505 potius
1460 2459 1506 2494 in
1522 2458 1637 2494 Aere
1654 2455 1793 2493 sublu-

145 2514 241 2551 nari
261 2512 420 2551 talibus
440 2512 738 2561 inconstantijs
760 2518 891 2560 atque
908 2511 1225 2550 mutationibus
1242 2517 1344 2558 apto
1361 2510 1550 2548 illuxisse.
1573 2509 1684 2546 Haec
1695 2510 1793 2597 t{lui-

251 2574 302 2600 48·
1726 2572 1793 2597 em
