2243 3225
379 204 455 241 240
752 194 1205 236 ASTRONOMIAE
1226 191 1649 231 INSTAURATAE

432 308 560 344 Nunc
571 308 683 342 circa
692 304 878 341 alterum
887 302 1124 348 Tropicum
1136 300 1264 342 idem,
1275 311 1301 337 a
1311 298 1476 336 Lucida
1485 298 1681 336 Vulturis
1690 298 1879 336 volantis
1889 298 2022 337 Stella

378 363 422 398 in
438 365 636 406 apertum
653 356 930 394 deducemus.

641 452 870 492 LUCIDA
886 450 1178 490 VULTURIS
1199 448 1497 488 VOLANTIS
1518 448 1751 487 STELLA.

463 524 668 563 EMOTA
689 523 744 561 est
764 523 860 560 haec
877 522 1009 560 Stella
1029 520 1268 558 secundum
1284 520 1623 567 Longitudinem
1638 521 1684 557 in
1701 519 2022 567 consequentia,

475 580 595 616 iuxta
610 578 808 624 proprias
826 575 1164 614 Obseruationes
1180 585 1206 611 a
1222 573 1351 620 Spica
1366 573 1568 621 Virginis,
1586 572 1668 621 Sig.
1680 573 1717 611 3.
1734 573 1851 621 grad.
1863 573 1900 611 7.
1919 571 1944 621 l.
1960 572 2022 611 53.
2061 586 2077 612 5

1049 643 1232 676 Longitudo.
1372 642 1557 668 Deelinatio.
2061 643 2081 675 †

1071 688 1099 712 Ρ.
1174 687 1216 712 Μ.
1403 687 1430 712 Ρ.
1491 687 1533 712 M.

721 733 973 796 Timochari
1062 733 1113 771 29
1169 732 1220 770 50
1242 736 1280 775 »71
1404 733 1428 770 5
1484 732 1559 805 48¹

722 786 981 835 Hipparcho
1099 786 1112 823 l
1168 785 1220 824 50
1249 791 1274 825 Z
1405 786 1428 824 5
1484 785 1536 824 48
1575 785 1674 823 Bor.

721 841 959 878 Ptolemaeo
1088 839 1112 876 4
1168 839 1218 877 35
1249 844 1273 879 z
1405 839 1428 877 5
1484 814 1558 884 50!
2066 851 2096 878 ιο

432 922 528 959 Fuit
551 923 678 968 igitur
700 920 916 967 Tempore
939 918 1215 956 Timocharis
1238 924 1369 965 atque
1392 918 1640 966 Hipparchi
1664 918 1832 957 Coluro
1855 917 2023 967 Solstitij

380 975 579 1022 Hyberni
601 985 735 1021 quam
755 975 968 1021 proxima,
990 983 1134 1019 neque
1151 971 1377 1009 Ptolemaei
1393 983 1494 1010 aeuo
1511 972 1629 1010 hunc
1645 971 1835 1010 multum
1851 971 2026 1010 excesse-

379 1033 455 1071 rat,
468 1027 579 1065 adeo
591 1033 634 1064 vt
645 1026 714 1064 vel
726 1026 816 1064 [013
828 1026 1076 1064 Declinatio
1090 1025 1153 1071 (in
1165 1036 1253 1072 qua
1265 1027 1463 1072 apprime
1475 1025 1749 1063 consentiunt
1760 1025 1806 1063 hi
1818 1030 1903 1063 tres
1913 1026 2027 1063 Arti-

378 1080 480 1118 fices
496 1080 696 1127 Antiqui)
719 1079 1014 1117 Latitudinem
1031 1077 1256 1125 quaefitam
1276 1090 1353 1126 per
1371 1078 1643 1116 additionem
1659 1080 1867 1117 maximae
1883 1078 2027 1116 Decli-

378 1135 568 1171 nationis
584 1133 880 1171 indubitanter
895 1133 1081 1169 minimo
1097 1133 1280 1179 negocio
1296 1132 1473 1179 pandat,
1490 1138 1598 1180 part.
1611 1131 1674 1170 29.
1686 1134 1791 1170 min.
1803 1132 1856 1170 40
1866 1130 1968 1176 fere,
1985 1136 2028 1169 vt
2068 1144 2097 1170 1⁵

378 1186 569 1224 vlteriori
593 1186 882 1224 calculatione
905 1185 977 1223 hic
1000 1196 1091 1222 non
1114 1184 1160 1222 fit
1183 1196 1307 1232 opus.
1332 1185 1449 1223 Cum
1472 1191 1621 1223 autem
1643 1185 1787 1223 nostro
1809 1184 2028 1233 Tempore

379 1239 745 1286 depraehendatur
761 1239 893 1276 huius
910 1238 1055 1277 Stenae
1072 1238 1275 1276 Latitudo
1291 1244 1398 1286 part.
1416 1238 1479 1277 29.
1498 1237 1524 1286 Ι.
1541 1239 1618 1281 211,
1634 1239 1823 1286 ideoque
1839 1238 1902 1278 182}
1918 1237 2028 1276 scru-

378 1292 491 1340 pulis
508 1294 653 1330 minor
669 1304 804 1339 quam
821 1292 939 1334 olim,
956 1303 1032 1339 per
1049 1292 1257 1329 accessum
1269 1292 1489 1339 Eclipticae
1501 1292 1557 1330 ad
1569 1291 1872 1340 AEquatorem,
1888 1293 2029 1330 varia-

378 1352 467 1383 tam
485 1346 560 1383 esse
578 1345 722 1383 Stellae
739 1345 1047 1389 Latitudinem,
1065 1346 1197 1383 etiam
1213 1345 1316 1383 hinc
1332 1345 1551 1383 infallibili
1567 1351 1685 1393 patet
1700 1345 1979 1383 Testimonio.

432 1399 495 1436 Ex
512 1398 594 1436 hac
610 1401 737 1446 igitur
751 1398 840 1436 [013
852 1398 985 1436 Stella
996 1400 1119 1436 iuxta
1129 1398 1369 1446 Tropicum
1381 1398 1646 1447 Hybernum
1658 1398 1805 1446 polita,
1823 1397 2029 1437 adhibitis
2066 1410 2099 1436 20

378 1452 683 1489 tantummodo
704 1454 749 1489 in
771 1451 997 1489 confilium
1019 1451 1190 1489 duabus
1211 1452 1568 1490 antecedentibus
1585 1451 1770 1490 Solstitio
1785 1451 1953 1490 AEffiuo
1968 1453 2029 1489 vi-

379 1507 498 1548 cinis,
517 1516 616 1542 cum
633 1505 744 1543 adeo
761 1504 935 1552 praecise
952 1505 1261 1549 Latitudinem,
1282 1517 1362 1552 pro
1378 1507 1548 1543 ratione
1564 1511 1745 1544 mutatae
1762 1505 2030 1552 obliquitatis

380 1558 611 1605 Eclipticae‚
629 1558 758 1605 idque
776 1557 1076 1602 diuerfimode,
1094 1557 1165 1595 hic
1183 1558 1415 1596 accedente
1432 1559 1488 1597 ad
1505 1558 1685 1597 Stellam
1702 1558 1921 1606 Ecliptica‚
1942 1558 2030 1596 illic

380 1611 618 1653 recedente,
640 1611 887 1655 exhibeant,
909 1611 1006 1649 [atis
1027 1611 1240 1659 superque
1263 1611 1604 1650 demonstratum
1625 1611 1692 1656 est,
1714 1612 1756 1650 id
1778 1612 1897 1659 quod
1912 1617 2029 1659 pate-

379 1663 520 1702 facere
538 1664 824 1707 decreuimus,
841 1666 1002 1702 mutari
1018 1664 1216 1702 videlicet
1229 1665 1437 1703 Fixarum
1450 1665 1733 1710 Latitudines,
1750 1671 1879 1713 prout
1891 1665 2029 1713 Eclip-
2067 1677 2100 1703 25

380 1719 463 1754 tica
480 1717 534 1755 ad
551 1717 839 1764 AEquatorem
856 1718 1031 1761 accedit,
1053 1718 1122 1755 vel
1141 1718 1195 1756 ab
1212 1717 1296 1756 hoc
1313 1725 1578 1763 remouetur‚
1599 1724 1643 1756 vt
1659 1718 1897 1766 copiofiore
1914 1729 2030 1756 com·

381 1771 637 1817 probatione
655 1783 721 1809 res
738 1771 833 1808 haec
846 1782 936 1809 non
948 1771 1170 1819 indigeret,
1188 1771 1265 1809 nili
1277 1772 1387 1809 alias
1398 1772 1608 1820 plenioris
1619 1772 1869 1820 Testimonij
1888 1771 2030 1816 causa,

381 1825 426 1860 in
450 1823 668 1870 aliquibus
691 1824 888 1871 Tropicis
909 1824 946 1862 &
967 1823 1365 1871 AEquinoe’tialibus
1388 1826 1495 1864 locis
1518 1826 1787 1874 intermedijs
1810 1825 1965 1869 Stellis‚
1988 1825 2031 1863 id

382 1876 520 1923 ipsum
537 1877 715 1915 vlterius
732 1879 918 1925 experiri
935 1877 1114 1916 luberet.
1128 1875 1142 1928 ΙΙ

1113 1975 1374 2015 SINISTER
1395 1976 1694 2015 HUMERUS
1716 1975 1968 2015 ORIONIS.
2056 1981 2119 2014 240

1156 2047 1313 2085 ISTAT
1339 2048 1434 2086 haec
1458 2048 1591 2086 Stella
1615 2047 1854 2086 secundum
1877 2047 2032 2096 Longi-

1172 2101 1370 2139 tudinem
1392 2113 1418 2139 a
1439 2101 1568 2148 Spica
1584 2101 1773 2150 Virginis
1794 2103 1916 2139 iuxta
1936 2111 2033 2148 pro-

1048 2156 1190 2200 priam
1212 2156 1256 2191 in
1278 2162 1400 2192 motu
1421 2154 1672 2193 Affixarum
1693 2153 2033 2193 animaduerfio-

988 2221 1012 2261 1
1049 2218 1163 2249 nem,
1182 2207 1263 2255 Sig.
1281 2209 1317 2245 4.
1337 2207 1391 2246 G.
1409 2208 1444 2246 2.
1465 2207 1489 2255 s.
1508 2208 1558 2246 53
1575 2210 1620 2246 in
1637 2208 1952 2246 antecedentia.

1425 2287 1608 2319 Longitudo.
1734 2285 1918 2312 Declinatio.
2071 2285 2104 2311 35

1756 2331 1775 2356 P

1104 2374 1356 2435 Timochari
1446 2332 1487 2415 s'9
1568 2351 1594 2414 ‘o
1616 2380 1655 2421 z<
1771 2351 1785 2414 i
1851 2351 1915 2446 12¹

1104 2427 1364 2476 H1pparcho
1446 2430 1486 2467 21
1569 2430 1594 2468 0
1615 2434 1655 2474 *6
1771 2430 1784 2467 1
1841 2429 1893 2468 48
1931 2429 1978 2467 B.

1105 2481 1342 2520 P101emae0
1435 2483 1485 2520 23
1543 2484 1593 2521 45
1615 2487 1655 2526 *02
1761 2483 1785 2520 2
1841 2459 1914 2525 30!

1817 2535 2034 2584 Tempore
