2164 3246
493 139 1152 178 PROGYMNASMATUM
1174 140 1378 178 PRIMA
1400 139 1552 177 PARS
1784 139 1852 177 201

197 308 446 347 IDIPSUM
467 307 572 346 PER
594 308 704 346 SEX
724 308 976 347 STELLAS
997 247 1310 347 {ONSIMILI
1332 308 1852 347 RATIOCINATIONE

781 370 1006 409 NOTUM
1028 371 1268 409 FACERE.

247 440 404 480 UBET
419 452 537 479 nunc
553 453 630 488 per
645 440 770 479 senas
782 441 936 479 Stellas
948 442 1203 489 AEquatoris
1215 442 1457 485 Ambitum,
1475 441 1713 480 secundum
1730 441 1850 480 diffe-

142 509 158 533 5
299 496 462 533 rentias
478 494 808 532 Ascenfionales
824 495 1012 533 totaliter
1028 497 1297 543 intercipere.
1320 495 1370 533 In
1388 495 1471 533 hac
1487 498 1686 543 proxime
1705 498 1851 542 itaque

195 547 400 639 [siequeffie
417 548 709 596 Figuratione,
731 548 802 586 vbi
823 548 1109 596 generaliora,
1132 555 1174 586 vt
1195 551 1328 596 prius,
1350 549 1633 596 intelligenda
1654 551 1850 592 veniunt,

227 607 311 640 tex
363 603 408 645 ‘s‚

454 637 468 674 1
492 637 534 674 D
551 636 717 675 Lucida
735 642 795 676 V.
1089 638 1113 674 4
1138 637 1179 676 G
1197 637 1325 685 Spica
1341 637 1542 685 Virginis.

445 690 470 728 2
517 690 534 728 Ι
551 690 698 728 Prima
714 690 813 728 Alae
830 690 987 738 Pegasi.
1089 692 1112 729 5
1148 691 1180 728 F
1197 691 1286 729 Cor
1303 691 1476 729 Leonis.

128 757 159 783 ιο
445 743 469 781 3
488 743 534 781 H
552 743 718 782 Lucida
734 743 942 781 Vulturis.
1089 745 1113 782 6
1146 744 1179 781 E
1198 744 1309 782 Calx
1327 744 1524 782 Borealis
1544 746 1598 787 Π.

249 831 477 879 Quoniam
499 844 604 870 vero
628 844 746 870 nunc
770 844 861 870 non
884 834 929 870 in
952 832 1255 871 successionem
1278 833 1525 881 signorum,
1549 840 1592 870 vt
1615 838 1758 876 antea,
1782 832 1851 870 sed

194 887 340 933 potius
362 888 408 923 in
431 886 746 929 antecedentia,
770 886 991 924 viceuersa
1014 886 1069 924 ad
1095 892 1140 925 V
1167 886 1347 925 Stellam
1370 887 1596 924 redeundo
1620 898 1714 924 rem
1737 886 1852 924 hanc

195 939 482 987 comprobare
502 939 633 983 lubet,
655 951 822 987 ponam
842 941 1035 987 primum
1057 940 1209 977 ordine
1231 939 1466 978 Stellarum
1487 941 1767 978 assumtarum
1789 951 1851 977 re-

110 999 171 1032 198
194 992 380 1031 trorl'um
400 992 632 1037 distantias,
655 989 669 1043 ΙΙ
690 992 858 1031 caelitus
879 993 1106 1041 diligenter
1127 1000 1287 1041 captas,
1309 1005 1397 1031 vna
1419 1005 1519 1031 cum
1536 993 1779 1031 earundem
1798 993 1853 1031 ad

127 1059 158 1085 15
195 1047 381 1084 Annum
398 1046 634 1085 CHRISTI
651 1046 746 1085 1585
764 1045 965 1085 exafflum
983 1046 1220 1084 obseruatis
1238 1046 1632 1085 Declinationibus.

304 2498 338 2524 ²⁶
1361 2485 1852 2527 OBSERUATIONES
