2164 3246
400 209 1056 251 PROGYMNASMATUM
1079 214 1384 254 SECUNDA
1407 218 1556 256 PARS
1736 221 1803 258 401

162 318 232 356 sed
251 319 362 355 inter
382 322 598 355 extremas
619 316 866 357 Inerrantes
887 319 1041 358 Stellas
1062 324 1362 369 reponendam
1386 325 1597 363 necessum
1621 326 1710 368 esse,
1735 327 1804 364 de-

162 370 510 409 monstrauimus.
528 370 575 408 Id
592 371 710 418 quod
727 371 781 409 ab
798 374 923 411 initio
939 374 1216 421 probandum
1233 376 1505 425 suscepimus.

224 467 329 506 PER
349 467 532 506 SOLAS
552 467 954 509 ALTITUDINES
976 471 1210 510 STELLAE
1231 474 1517 514 MAXIMAS
1539 476 1742 523 ATQUE

339 529 620 574 MINIMAS,
642 530 706 568 IN
727 531 895 570 DATA
917 533 1047 572 POLI
1068 535 1449 581 ALTITUDINE‚
1472 538 1624 576 IDEM

111 608 126 633 ⁵
506 591 681 639 QUOD
702 593 909 632 ANTEA
930 596 1166 643 ABSQUE
1187 598 1461 638 FIXARUM

610 655 889 695 ALIARUM
910 658 1353 702 APPLICATIONE.

803 718 1164 759 OSTENDERE.

705 782 1056 816 COMPROBATIO
1077 786 1258 818 TERTIA.

205 849 310 889 PSA
322 861 499 898 quoque
511 849 644 889 Stella
655 862 732 899 per
742 851 783 889 se
795 852 955 900 absque
968 853 1155 892 aliarum
1167 856 1444 894 adminiculis
1457 859 1501 894 in
1514 858 1802 898 Reuolutione

95 917 126 944 10
218 903 294 942 sua
309 903 580 951 quotidiana,
601 904 719 952 quod
736 905 846 943 nulli
863 906 1080 944 Parallaxi
1096 907 1223 946 fuerit
1240 909 1443 954 obnoxia,
1465 910 1562 948 satis
1580 913 1803 951 euidenter

159 956 434 1001 monstrabat,
452 957 691 1005 praesertim
707 958 940 997 collatione
957 960 1183 1008 diligenter
1198 961 1308 1000 facia
1326 974 1478 1001 earum
1495 964 1801 1007 Altitudinum.

160 1021 260 1058 quae
269 1012 315 1048 in
323 1010 576 1049 Meridiano
585 1010 714 1059 supra
723 1011 892 1056 Polum,
905 1019 1035 1060 atque
1048 1016 1092 1051 in
1105 1015 1261 1052 eodem
1272 1015 1384 1053 infra
1394 1018 1802 1057 animaduerteban-

159 1069 239 1102 tur.
252 1063 448 1102 Omnino
460 1066 579 1102 enim
590 1065 818 1113 vtrobique
831 1067 857 1103 a
868 1066 974 1104 Polo
987 1068 1213 1114 aequaliter
1226 1069 1414 1112 distabat,
1428 1071 1701 1119 eandemque
1713 1079 1802 1110 tam

159 1119 206 1155 in
219 1119 389 1162 maiori,
406 1129 542 1165 quam
557 1120 720 1156 minori
735 1118 814 1157 fitu
830 1119 1186 1159 Declinationem
1202 1122 1448 1160 exhibebat:
1467 1125 1583 1171 quod
1601 1124 1694 1163 fieri
1712 1138 1801 1163 non

94 1183 124 1210 ¹⁵
159 1171 363 1218 potuisset,
379 1170 409 1208 fi
424 1170 499 1209 vlli
515 1171 735 1210 Parallaxi
751 1172 933 1211 senfibili
949 1173 1136 1212 subiee'ta
1151 1174 1295 1213 fuisset.
1313 1172 1327 1225 ΙΙ

74 1231 138 1263 444
212 1223 439 1272 Quoniam
458 1236 564 1263 vero
585 1224 925 1264 Obseruationes
948 1226 1031 1264 hoc
1054 1227 1194 1275 ipsum
1217 1228 1526 1268 confirmantes
1549 1231 1801 1270 attestantes-

161 1288 245 1325 que
265 1289 320 1316 ex
339 1277 492 1316 nostris
511 1280 699 1327 proprijs
714 1279 902 1317 totaliter
919 1281 1134 1318 adducere
1151 1293 1242 1319 non
1258 1282 1396 1325 datur,
1418 1282 1626 1330 liquidem
1644 1296 1719 1332 per
1735 1285 1801 1323 In-

159 1329 443 1369 strumentum
458 1331 578 1376 illud,
596 1343 684 1379 quo
700 1338 804 1370 tunc
815 1334 1055 1378 vtebamur‚
1073 1334 1269 1372 Altitudo
1282 1335 1483 1374 Maxima
1494 1339 1539 1374 in
1552 1337 1802 1376 Meridiano

160 1385 256 1432 capi
277 1384 502 1432 nequibat;
525 1385 833 1424 adhibebimus
855 1386 926 1424 hic
951 1387 1152 1425 Consulis
1175 1388 1414 1436 Augustani
1438 1389 1602 1427 PAVLI
1627 1391 1800 1429 HAIN-

91 1449 125 1476 zo
160 1437 308 1476 ZELII
327 1438 652 1477 Annotationes
673 1438 929 1486 Quadrante
954 1440 1155 1478 Maximo
1179 1453 1205 1479 a
1228 1441 1353 1479 nobis
1377 1442 1462 1480 illic
1486 1442 1678 1482 extrucio
1702 1456 1801 1482 con·

160 1489 351 1539 quifitas:
382 1491 435 1530 de
460 1491 620 1540 quibus
644 1504 733 1531 vna
758 1505 859 1531 cum
885 1493 1158 1532 Instrumenti
1183 1495 1471 1542 explicatione
1499 1496 1605 1543 Cap.
1633 1497 1801 1544 Quarto

160 1545 338 1593 egimus.
354 1544 513 1593 Neque
529 1547 648 1583 enim
664 1548 983 1584 inconueniens
1001 1549 1078 1585 erit
1094 1547 1190 1585 illas
1203 1550 1247 1585 in
1259 1560 1381 1586 meos
1392 1549 1489 1586 vsus
1502 1549 1684 1593 trahere.
1703 1563 1802 1589 cum

159 1597 334 1646 ipsemet
356 1597 596 1643 Machinae,
620 1611 697 1647 per
719 1611 854 1647 quam
878 1600 1066 1638 obtentae
1089 1600 1195 1643 sunt,
1219 1608 1346 1639 autor
1368 1601 1536 1645 fuerim,
1561 1609 1690 1650 atque
1714 1604 1801 1651 post

159 1662 308 1690 meum
327 1651 556 1697 discessum,
578 1663 631 1690 ea
652 1653 704 1691 de
725 1653 866 1697 causa,
888 1660 930 1691 vt
952 1653 1035 1691 illis
1056 1660 1207 1696 vterer.
1229 1655 1337 1692 mihi
1356 1655 1410 1692 ab
1428 1655 1664 1694 Hainzelio
1685 1668 1799 1695 com-

91 1716 125 1742 2⁵
159 1706 394 1744 municatae
410 1705 500 1743 fint.

211 1757 276 1796 Ex
290 1759 344 1807 ijs
358 1760 506 1806 itaque
523 1770 633 1806 quas
650 1758 762 1798 dicio
779 1759 934 1807 Capite
956 1760 1148 1798 recensui
1166 1761 1564 1805 obseruationibus,
1587 1763 1800 1811 colligitur

159 1810 448 1850 Altitudinem
467 1815 711 1851 maximam
731 1815 777 1851 in
799 1813 1050 1851 Meridiano
1068 1813 1211 1852 Stellae
1229 1814 1374 1852 Nouae
1396 1814 1510 1852 fuisse
1532 1815 1573 1852 Ρ.
1591 1816 1652 1853 76.
1673 1815 1697 1862 l.
1715 1816 1798 1855 341.

159 1864 279 1903 Nam
300 1876 401 1904 cum
422 1867 469 1904 in
489 1865 736 1904 Nouembri
758 1873 821 1904 ter
844 1867 965 1904 illam
989 1867 1341 1914 depraehendisset
1364 1870 1408 1905 in
1429 1868 1669 1906 Altitudine
1691 1870 1799 1907 vltra

159 1917 317 1966 gradus
331 1918 444 1967 ipsos
459 1919 510 1957 34
526 1921 631 1957 min.
649 1921 763 1958 circa
778 1921 902 1958 initia
919 1920 1109 1968 Ianuarij
1133 1920 1348 1968 sequentis
1365 1933 1451 1958 vno
1473 1923 1642 1959 minuto
1664 1925 1798 1960 maio-

90 1982 124 2009 ³0
158 1982 251 2009 rem
265 1972 506 2010 adinuenit.
527 1972 779 2011 Consultius
795 1984 896 2021 ergo
913 1973 1155 2017 fecerimus,
1172 1973 1201 2011 fi
1217 1974 1445 2012 limitando
1463 1974 1800 2013 Obseruationes

158 2023 251 2069 has,
272 2025 468 2064 medium
491 2037 645 2064 earum
669 2038 747 2074 pro
772 2026 980 2073 exquisita
1000 2027 1242 2064 Altitudine
1263 2029 1457 2065 maxima
1480 2030 1798 2069 retinuerimus.

158 2079 276 2116 itavt
291 2077 682 2118 Obseruationibus
703 2082 747 2117 in
765 2080 1010 2117 Nouembri
1031 2078 1152 2118 factis
1173 2081 1401 2118 dimidium
1423 2081 1606 2118 addatur
1628 2082 1798 2128 scrupu-

158 2130 262 2176 lum,
283 2131 321 2169 &
341 2132 396 2171 ab
412 2143 466 2170 ea
481 2144 582 2180 quae
599 2133 807 2171 Ianuario
823 2133 1091 2171 tantillulum
1107 2133 1341 2171 auferatur.
1365 2134 1479 2171 Licet
1499 2137 1615 2171 enirn
1633 2147 1722 2172 non
1739 2143 1798 2172 to-

157 2184 290 2223 tidem
309 2187 356 2223 in
375 2186 531 2224 eodem
552 2187 760 2224 assecutus
776 2186 821 2224 fit
837 2186 1118 2224 sublimitates
1139 2189 1367 2229 maximas.
1389 2194 1535 2224 tamen
1553 2199 1651 2225 cum
1669 2188 1798 2226 Stella

89 2248 122 2274 ³⁵
158 2242 260 2276 tunc
274 2238 503 2286 aliquanto
519 2241 664 2278 minor
680 2240 859 2282 reddita.
881 2239 920 2277 se
942 2239 1204 2278 collimatius
1223 2240 1549 2278 discernendam
1567 2241 1799 2279 demetien-

158 2290 347 2340 damque
357 2291 592 2337 exhiberet,
606 2292 644 2330 &
655 2292 757 2330 huic
768 2292 1072 2331 Obseruationi
1083 2299 1170 2330 vtvt
1181 2296 1333 2335 vnicae‚
1346 2294 1511 2340 aliquid
1522 2294 1798 2332 tribuendum

158 2343 323 2383 censeo:
333 2347 394 2384 ita
401 2351 600 2384 tamenvt
609 2348 654 2384 in
663 2348 847 2394 gratiam
858 2352 1114 2384 caeterarum
1123 2347 1353 2384 dimidium
1363 2348 1528 2385 amittat
1539 2347 1798 2395 scrupulum.

210 2397 414 2437 Minimae
425 2398 559 2437 huius
570 2399 715 2438 Stellae
727 2399 1004 2442 Altitudines.
1023 2402 1256 2447 quinquies
1268 2401 1322 2438 ab
1335 2412 1387 2438 eo
1400 2400 1650 2442 obseruatae,
1669 2401 1798 2438 deno-

157 2455 315 2497 tantur,
326 2451 424 2490 satis
435 2454 627 2491 inuicem
639 2455 750 2491 inter
761 2452 801 2491 se
814 2453 1140 2494 consentientes.
1154 2453 1362 2500 fiquidem
1373 2453 1598 2491 discrimen
1609 2456 1798 2491 maxime

72 2508 135 2541 445
158 2503 443 2544 dissidentium
459 2508 700 2554 reperiatur
713 2506 860 2544 saltem
873 2508 1009 2544 tertiae
1023 2503 1037 2556 ΙΙ
1049 2509 1181 2554 partis
1193 2509 1320 2544 vnius
1333 2509 1500 2544 minuti.
1519 2507 1635 2544 Nam
1648 2508 1798 2596 2250-

264 2566 293 2591 51
1598 2572 1696 2596 uem
1732 2573 1798 2599 ris,
