2164 3246
435 190 1094 230 PROGYMNASMATUM
1116 191 1320 230 PRIMA
1342 191 1493 231 PARS
1726 193 1793 232 177

143 299 240 342 CA,
257 298 300 336 P.
312 298 375 337 70.
389 296 415 346 Ι.
427 298 503 341 21ὲ,
519 309 596 345 per
613 297 1003 345 Complementum
1019 298 1339 336 Declinationis
1351 299 1547 336 Veneris.
1566 299 1657 343 BC,
1675 299 1717 337 P.
1730 301 1793 338 45.

143 350 169 400 Ι.
181 351 244 395 33,
262 351 477 390 Distantia
492 351 582 399 ipsa
597 353 710 389 inter
725 351 874 389 Solem
891 351 929 389 &
943 351 1174 389 Venerem.
1193 351 1305 399 Ergo
1322 353 1443 390 iuxta
1459 352 1795 400 Triangularem

143 405 377 444 Calculum
393 416 486 442 non
501 404 650 443 latebit
664 404 870 452 Angulus
886 404 1027 448 BAC,
1045 405 1087 442 P.
1100 405 1152 442 41.
1172 404 1197 452 l.
1211 405 1272 442 42.
1293 404 1335 452 ll.
1349 405 1411 448 38,
1430 407 1504 452 qui
1521 405 1576 443 est
1591 406 1796 444 mensura

142 457 278 497 differ.
302 457 472 496 Arcens.
497 456 639 496 Rec‘tae
662 458 846 496 Veneris
872 457 910 496 &
936 458 1061 502 Solis,
1088 470 1188 505 quae
1215 456 1362 496 iunc'ta
1385 458 1553 496 Arcens.
1580 457 1720 497 Reciae
1748 462 1791 504 Θ

93 526 107 552 5
142 511 280 550 reddit
295 511 390 549 Al'c.
407 515 448 555 Q,
466 511 508 549 P.
526 511 588 549 40.
608 509 633 559 l.
651 511 713 550 37.
733 509 776 559 ll.
793 511 844 549 43
861 513 1093 559 cognitam.
1515 529 1564 581 Α

194 564 362 604 Eodem
377 565 463 603 Die
478 564 594 603 P.M.
608 564 764 603 Hor.7.
777 564 841 602 M.
852 564 904 609 14,
921 565 1259 603 interVenerem

142 618 180 657 81
200 618 394 658 Oculum
414 621 455 663 ὃ
475 618 555 656 fuit
575 618 856 666 intercapedo
877 624 985 666 part.
1002 618 1055 656 21.
1072 620 1177 656 min.
1195 618 1258 661 37,

142 671 371 710 obseruata
395 671 451 710 eft
475 683 654 719 quoque
676 683 753 719 per
776 671 898 710 aliud
921 671 1260 709 Instrumentum

141 731 244 764 tunc
269 724 519 764 Declinatio
539 725 724 764 Veneris
751 731 859 773 part.
880 725 933 764 19.
955 727 1060 763 min.
1082 725 1133 763 40
1159 725 1257 763 Bor.

77 792 107 819 ιο
141 778 446 818 inAltitudine
467 778 660 817 eiusdem
679 784 787 826 part.
805 778 868 817 30.
892 778 1022 817 Oculi
1048 782 1088 823 *ὅ
1114 778 1258 816 Decli-

141 834 262 871 natio
277 831 377 871 satis
392 838 524 871 antea
539 837 646 870 nota
660 832 704 870 P.
721 832 774 871 15.
792 830 818 880 l.
835 832 887 870 36
903 832 1058 870 Borea.

194 885 345 933 Quare
359 887 405 924 in
418 888 623 934 proxima
635 885 841 933 sequente
855 885 888 923 F
890 887 1148 934 iguratione,
1163 884 1210 923 fit
1222 885 1259 923 C

141 939 303 978 Venus.
325 939 359 978 B
375 939 612 978 Aldebora.
631 939 859 987 Trianguli
876 939 1017 983 BAC,
1038 945 1145 977 nota
1164 938 1260 977 sunt

142 994 274 1032 etiam
284 992 443 1031 Latera
457 992 636 1041 lingula.
653 993 774 1031 Nam
786 993 868 1031 CA
880 992 935 1031 est
947 992 1259 1041 Complemen-
1301 989 1336 1028 C

77 1059 107 1085 15
141 1051 235 1085 tum
245 1045 566 1085 Declinatiom’s
578 1045 771 1085 eiusdem
786 1051 894 1094 part.
907 1046 970 1085 70.
982 1048 1088 1084 min.
1101 1046 1163 1084 20.
1181 1046 1259 1084 ΒΑ

61 1106 118 1139 173
142 1099 530 1148 Complementum
546 1096 904 1150 De-ssclinationis
918 1099 1048 1138 Oculi
1064 1102 1122 1144 {3³,
1139 1099 1182 1137 P.
1196 1100 1258 1138 74.

143 1151 169 1202 l.
184 1153 247 1192 24.
269 1152 350 1192 BC
370 1153 569 1192 distantia
595 1156 622 1197 Q
648 1153 686 1191 &
701 1153 939 1192 Aldeborae
955 1159 1063 1201 part.
1080 1153 1132 1191 21.
1152 1151 1178 1200 l.
1196 1153 1258 1191 37.

142 1206 253 1255 Ergo
268 1218 413 1255 neque
434 1206 506 1245 hic
522 1207 672 1245 latebit
687 1207 892 1255 Angulus
908 1206 1167 1245 differentiae
1183 1206 1258 1244 As·
1284 1203 1319 1241 D
1634 1228 1742 1292 ⁴
1766 1201 1795 1239 E

141 1259 397 1299 cenfionalis
419 1260 653 1308 Vtriusque,
679 1260 820 1305 BAC,
844 1260 887 1298 P.
911 1260 974 1298 22.
1000 1258 1026 1308 l.
1050 1260 1102 1299 17.
1128 1258 1170 1307 ll.
1195 1260 1258 1298 49.

74 1325 108 1352 κο
142 1313 239 1352 Fuit
252 1319 402 1353 autem
416 1320 563 1353 motus
579 1314 764 1353 diurnus
775 1313 946 1352 Ascens.
964 1312 1106 1352 Rectae
1118 1314 1259 1351 Vene-
1714 1304 1745 1342 Β

141 1369 198 1406 ris
215 1365 240 1415 Ι.
252 1367 315 1406 52.
337 1367 449 1406 Hor.
466 1370 614 1415 itaque
630 1367 667 1406 2.
684 1367 748 1406 M.
765 1368 802 1412 0,
819 1370 931 1406 inter
946 1374 1163 1415 vtranque
1181 1366 1545 1405 Obseruationem
1561 1364 1793 1404 interiectis

141 1420 399 1469 respondent
421 1420 446 1470 l.
463 1422 500 1460 4.
523 1420 566 1470 ll.
583 1421 646 1460 20.
669 1421 754 1460 His
775 1421 830 1459 ad
851 1421 1161 1459 Ascenfionem
1182 1419 1358 1459 Rectam
1375 1420 1558 1457 Veneris
1579 1426 1709 1458 antea
1730 1421 1792 1457 in-

142 1473 340 1522 quifitam
362 1474 532 1519 additis,
556 1477 635 1513 erit
655 1475 711 1513 ad
731 1474 816 1513 hoc
837 1481 1010 1523 tempus
1027 1474 1197 1512 Arcens.
1219 1477 1258 1518 Q,
1542 1497 1586 1541 A

141 1527 184 1566 P.
203 1527 266 1566 40.
293 1526 319 1576 Ι.
343 1528 407 1567 42.
434 1527 479 1577 ΙΙ.
505 1528 541 1573 3,
572 1530 643 1567 cui
672 1528 878 1577 copulata
906 1530 1018 1566 inter
1040 1528 1260 1566 Venerem

75 1593 108 1620 2⁵
142 1580 180 1619 &
196 1580 388 1620 Oculum
408 1585 450 1627 ξς
470 1581 718 1621 differentia
728 1581 1038 1625 Ascenfionali,
1055 1583 1260 1629 prouenit

142 1633 453 1674 Ascens.Recta
464 1635 595 1675 Oculi
611 1638 669 1681 ὅ,
686 1636 729 1674 P.
742 1636 805 1674 62.
824 1634 850 1683 Ι.
867 1636 930 1674 59.
950 1634 992 1683 ll.
1010 1635 1073 1674 52.
1090 1634 1160 1672 Ab
1177 1634 1259 1673 hac

143 1687 287 1727 ablata
306 1688 499 1728 eiusdem
519 1701 547 1727 a
567 1689 733 1728 Lucida
755 1695 801 1730 V
825 1688 1071 1727 differentia
1089 1688 1258 1726 Ascens.

143 1741 401 1790 relinquitur
421 1742 568 1782 Clarae
592 1749 638 1784 V
656 1742 827 1781 Ascens.
847 1741 977 1781 Recta
997 1742 1040 1780 P.
1062 1742 1124 1780 25.
1149 1740 1173 1789 l.
1196 1742 1258 1780 56.

145 1792 188 1843 ΙΙ.
210 1795 273 1840 37,
303 1798 373 1835 cui
399 1796 587 1835 addatur
613 1808 693 1845 pro
720 1797 864 1835 Annis
891 1796 927 1834 3.
957 1795 1182 1834 Menfibus
1206 1795 1258 1839 10,

77 1859 111 1886 3ο
144 1854 288 1888 motus
298 1850 584 1888 intermedius
598 1848 623 1898 l.
636 1850 672 1888 3.
687 1849 730 1898 ll.
743 1850 795 1888 12.
814 1850 992 1897 Eritque
1004 1850 1140 1887 Anno
1152 1848 1258 1891 1585,

143 1901 342 1941 Ascenfio
358 1901 489 1942 Recta
505 1903 683 1942 Lucidae
697 1909 744 1944 V
758 1904 800 1942 P.
813 1904 877 1942 25.
896 1902 921 1951 Ι.
934 1903 997 1941 59.
1016 1901 1059 1950 ll.
1072 1903 1135 1945 49,
1158 1913 1258 1949 quae

144 1954 198 1994 ob
213 1956 256 1994 id
271 1957 562 2004 quaerebatur,
576 1963 621 1995 vt
635 1969 735 1996 cum
748 1969 801 1996 ea
813 1968 913 2005 quae
925 1956 1116 2004 sequitur
1128 1955 1258 1993 colla-
1746 1941 1783 1980 C

142 2009 259 2048 tione
274 2008 388 2049 facta
402 2010 581 2049 limitari
597 2016 741 2059 queat.

194 2062 370 2103 ANNO
386 2063 493 2109 1585,
510 2064 596 2103 Die
611 2064 652 2103 15
669 2064 935 2112 Septembris
948 2064 1002 2100 A.
1016 2062 1079 2100 M.
1097 2062 1209 2100 Hor.
1222 2062 1258 2100 6.
1308 2085 1341 2123 B

76 2125 110 2152 ³5
144 2114 206 2154 M.
225 2116 278 2155 48
301 2118 736 2156 animaduertebatur
761 2117 959 2156 distantia
984 2116 1097 2155 Solis
1118 2115 1156 2153 &
1177 2115 1258 2153 Ve-
1760 2126 1793 2166 Ε

143 2171 257 2208 neris
279 2169 322 2208 P.
347 2171 411 2210 45.
440 2170 466 2219 s.
487 2171 551 2210 48.
574 2171 774 2210 Altitudo
798 2171 912 2210 Solis
935 2170 978 2208 P.
999 2170 1036 2213 6,
1059 2175 1103 2207 vt
1127 2171 1259 2207 enam
1300 2146 1337 2184 D

142 2220 280 2270 supra.
291 2223 490 2263 Altitudo
509 2228 536 2268 Q
554 2225 628 2265 4Οὲ
639 2231 748 2273 part.
768 2224 1018 2263 Declinatio
1039 2226 1064 2266 Q
1084 2222 1378 2270 perArmillas
1395 2222 1437 2260 P.
1451 2222 1502 2260 13.
1518 2221 1542 2269 s.
1556 2222 1623 2260 595
1641 2222 1794 2259 Borea.

143 2274 283 2315 Locus
302 2279 345 2322 Θ
364 2277 408 2316 P.
420 2278 446 2316 1.
465 2276 490 2326 Ι.
503 2278 566 2317 50.
585 2277 628 2327 ll.
641 2278 682 2316 41
698 2282 755 2321 20..
773 2277 976 2316 Ascenfio
993 2275 1122 2314 Recta
1139 2276 1181 2314 P.
1198 2276 1267 2314 181.
1286 2275 1311 2323 l.
1329 2276 1381 2313 41.
1400 2274 1443 2323 ll.
1461 2275 1523 2313 28.
1546 2275 1795 2312 Declinatio

143 2327 186 2367 P.
201 2329 237 2368 0.
256 2328 282 2378 Ι.
297 2331 361 2369 44.
379 2329 423 2379 ll.
440 2331 480 2370 14
498 2332 819 2370 Meridionalis.

77 2392 110 2418 ιο
195 2381 387 2422 Ponatur
407 2397 525 2423 nunc
545 2387 592 2423 in
612 2385 696 2424 hac
717 2385 876 2434 Figura
893 2385 927 2422 B
948 2386 1007 2429 Ε).
1030 2383 1067 2422 C
1087 2386 1128 2426 Q.
1150 2384 1191 2420 A
1208 2383 1341 2420 Polus
1357 2382 1532 2430 AEquat.
1556 2382 1604 2419 In
1621 2381 1793 2428 Triang.

144 2434 282 2481 BAC,
307 2437 441 2476 Latus
461 2439 557 2483 ΒΑ,
583 2439 626 2477 Ρ.
648 2439 710 2477 90.
735 2437 760 2486 Ι.
778 2440 864 2483 441,
889 2450 942 2476 ex
964 2437 1273 2475 Declinatione
1295 2436 1408 2474 Solis
1429 2436 1484 2473 ad
1506 2435 1794 2482 quadrantem

143 2488 288 2529 addita
305 2497 461 2530 notum
478 2492 545 2530 est.
568 2492 701 2531 Latus
718 2493 816 2537 CA,
839 2492 881 2530 P.
899 2492 962 2530 76.
980 2493 1084 2529 min.
1102 2491 1161 2533 01.
1184 2490 1573 2537 Complementum
1592 2488 1793 2577 Declina-

249 2551 283 2577 23
1682 2551 1794 2577 ionls
