2243 3225
415 214 492 252 336
791 205 1244 246 ASTRONOMIAE
1265 202 1687 242 INSTAURATAE

468 315 773 355 Animaduerti
789 313 1079 350 nihilominus
1094 309 1450 357 subsequentibus
1470 308 1639 356 aliquot
1654 309 1810 352 Annis,
1831 307 2058 356 postquam

414 370 551 408 multo
568 369 706 415 plura,
723 368 932 413 variaque
951 366 1130 412 Organa
1146 363 1331 402 construi
1348 363 1569 405 curassem;
1591 361 1828 409 praesertim
1842 361 2058 400 beneficio

415 424 670 461 Sextantum
690 420 1035 467 Trigonicorum‚
1059 428 1248 465 quorum
1269 416 1467 463 aliquam
1488 415 1653 453 Idaeam
1673 414 1883 462 superiori
1902 414 2058 463 Capite

415 476 600 523 expressi,
622 473 840 511 distantias
857 471 1090 510 Stellarum
1105 470 1189 507 hoc
1206 469 1494 507 Instrumento
1511 473 1722 515 acceptas,
1743 468 1944 515 pauculis
1965 470 2057 515 qui-

413 528 592 566 busdam
608 528 787 564 minutis
802 525 909 562 iusto
926 524 1161 571 ampliores
1179 523 1362 566 extitisse,
1380 521 1654 559 obseruando
1670 521 1869 559 videlicet
1886 521 2058 560 easdem
2098 534 2112 559 5

413 582 538 619 binas
554 579 719 623 Stellas,
741 578 827 616 fiue
846 578 1095 624 Cassiopeae,
1112 576 1199 613 siue
1216 575 1395 613 alterius
1411 574 1629 612 Asterismi
1650 586 1726 622 per
1742 580 1975 622 vtrumque
1991 574 2058 612 In—

413 635 708 675 strumentum,
724 637 814 670 tarn
826 631 960 668 Vetus
972 630 1092 673 illud,
1110 640 1245 676 quam
1257 629 1442 666 Nouum
1455 628 1707 666 sextantem
1718 627 1829 665 nulli
1840 627 2059 666 Parallaxi

414 687 667 725 obnoxium.
686 684 875 723 Causam
887 695 992 721 vero
1009 682 1141 720 huius
1157 681 1389 719 minutulae
1406 682 1670 719 deuiationis
1686 692 1777 719 non
1793 681 1971 719 obscure
1987 681 2058 719 de-

413 739 652 787 praehendi,
676 740 720 776 in
742 750 794 775 eo
815 737 948 779 fitam,
973 736 1090 783 quod
1113 736 1175 774 Os
1196 746 1320 783 genae
1341 737 1540 782 proxime
1561 734 1675 772 infra
1697 734 1889 773 Oculum
1909 734 2059 773 saltem

414 794 698 831 Instrumento
715 791 1006 838 applicaretur
1022 791 1144 827 iuxta
1161 789 1191 833 Ι,
1213 800 1304 826 non
1320 794 1469 826 autem
1485 787 1575 835 ipsa
1592 787 1721 826 Oculi
1741 787 1921 835 pupilla,
1942 788 2057 826 vnde
2101 800 2131 826 ιο

413 847 574 884 Radius
595 845 769 882 visualis
792 844 1050 891 potissimum
1073 842 1279 889 procedit.
1303 841 1556 888 Spaciolum
1579 843 1727 889 itaque
1748 842 1775 878 a
1795 841 1964 889 pupilla
1985 841 2059 879 seu

414 900 575 938 Centro
592 898 705 935 visus
722 898 776 935 ad
793 898 809 934 I
826 898 1090 944 principium
1103 895 1376 933 Instrumenti
1393 894 1538 933 adhuc
1555 894 1878 942 aliquantulam
1893 896 2058 943 ingere-

412 953 483 990 bat
499 952 760 994 Parallaxin‚
783 961 883 997 quae
904 951 1095 997 priorem
1117 960 1170 986 ex
1191 948 1281 996 ipso
1298 948 1586 986 Instrumento
1607 947 1662 986 ob
1684 949 1973 995 quantitatem
1991 947 2058 986 Li-

414 1017 509 1043 neae
526 1005 591 1042 ΑΙ
608 1006 941 1051 contingentem.
959 1002 1163 1040 nonnihil
1179 1002 1376 1045 adauxit;
1398 1002 1591 1049 Ideoque
1607 1003 1762 1045 maior,
1784 1012 1920 1049 quam
1935 1007 2058 1049 puta·

413 1059 550 1101 batur,
564 1057 777 1096 euadebat
786 1056 1026 1094 Parallaxis
1037 1055 1311 1093 Instrumenti
1322 1055 1529 1099 ablatiua‚
1542 1054 1580 1092 8(
1592 1066 1668 1102 per
1678 1054 1947 1102 consequens
1956 1054 2058 1102 ipsae
2100 1068 2130 1094 15

412 1112 620 1149 distantiae
636 1110 887 1158 pusillulum
903 1111 1109 1147 minores.
1943 1121 1959 1138 o

459 1164 812 1211 Jntercapedines
833 1174 937 1200 vero
959 1163 1106 1200 Nouae
1127 1162 1272 1200 Stellae
1293 1163 1319 1199 a
1340 1173 1505 1200 nouem
1527 1161 1910 1209 principalioribus
1931 1160 2059 1200 Cassi-

411 1230 534 1265 opeae
560 1217 785 1265 diligenter
810 1215 1084 1263 conquisitas,
1111 1215 1149 1253 &
1175 1215 1230 1253 ob
1256 1213 1485 1263 praedic‘ias
1509 1217 1735 1253 cautiones
1758 1215 1903 1253 debito
1925 1215 2059 1253 modo

411 1272 627 1315 limitatas,
640 1276 855 1318 quantum
868 1269 1065 1307 videlicet
1077 1269 1234 1316 reliqui
1247 1268 1714 1317 SextantesTrigonici,
1727 1268 1837 1306 nulli
1849 1268 2059 1316 ambigui-

411 1327 486 1363 tati
502 1322 675 1362 subietfti
691 1323 984 1371 suggerebant,
1005 1324 1426 1370 experimentatione
1443 1322 1498 1360 ad
1515 1322 1670 1360 Stellas
1687 1321 1955 1360 consimilem
1970 1321 2059 1360 fere
2097 1335 2131 1361 20

411 1378 654 1416 obtinentes
670 1379 974 1419 remotionem,
992 1376 1218 1423 diligenter
1233 1375 1434 1419 instituta,
1451 1387 1569 1413 nunc
1587 1375 1815 1414 exhibebo.
1832 1371 1847 1425 ΙΙ

440 1483 774 1523 DISTANTIAE
796 1483 987 1522 NOUAE
1008 1482 1244 1521 STELLAE
1265 1483 1305 1520 A
1326 1482 1646 1521 PRAECIPUIS
1668 1481 2033 1529 QUIBUSDAM
2084 1490 2148 1522 344

627 1546 773 1584 FIXIS
794 1546 856 1583 IN
879 1545 1217 1584 CASSIOPEAE
1237 1545 1586 1589 ASTERISMO,
1607 1544 1844 1584 SEDULO

751 1607 1108 1646 EXPLORATAE
1129 1607 1326 1654 ATQUE
1348 1606 1718 1646 VERIFICATAE.
2095 1616 2114 1647 -ι-

1161 1703 1365 1735 ΝΟΜΙΝΑ
1385 1703 1688 1736 STELLARUM

1782 1708 1811 1823 με)

2096 1709 2130 1735 ἃ

1799 1785 1824 2250 υΙι-ΝὉΦΩΙΦΧΙΟ
1815 1729 1819 1733 -

1165 1786 1319 1834 Capite
1338 1786 1576 1834 Cassiopeae

1164 1839 1344 1878 Schedir

1165 1893 1355 1941 Cingulo

1164 1946 1351 1984 Flexura

1164 2000 1329 2047 Poplite

1164 2053 1304 2092 Crure

1164 2107 1369 2144 Extrema
1386 2107 1508 2154 pedis

1164 2159 1390 2198 Erectione
1408 2159 1530 2198 Sedis

1164 2213 1328 2251 Lucida
1345 2212 1580 2251 Cathedrae

482 1972 643 2010 NOVA
665 1972 883 2010 STELLA

508 2027 817 2064 remouebatur
833 2038 858 2064 a

1053 1787 1066 1823 l

1043 1839 1067 1877 2

1043 1893 1066 1931 3

1043 1947 1066 1983 4

1043 2001 1066 2037 5

1042 2053 1066 2090 6

1043 2107 1066 2144 7

1035 2161 1047 2196 μ-ι

1053 2161 1064 2197 .—

1783 2106 1796 2143 ..ι

1042 2213 1065 2250 Ν

465 2334 552 2372 Hae
574 2335 789 2382 (inquam)
812 2336 985 2375 suerunt
1008 2338 1140 2375 huius
1162 2337 1318 2375 insoliti
1335 2338 1496 2376 Sideris
1518 2337 1572 2376 ab
1594 2337 1677 2375 illis
1699 2337 1874 2376 Mundo
1895 2339 2059 2375 coaeuis
2096 2349 2129 2376 35

412 2387 484 2425 [ibi
506 2391 727 2434 proximis,
751 2389 1029 2428 Remotiones
1047 2390 1194 2429 exacte
1212 2391 1443 2433 denotatae.
1466 2391 1503 2429 &
1526 2391 1631 2430 iusta
1648 2393 1810 2429 trutina
1826 2390 2059 2438 aliquoties

412 2444 655 2489 recognitae.
680 2443 790 2480 adeo
815 2444 931 2490 quod
957 2444 1065 2481 nihil
1090 2445 1341 2482 addubitem
1366 2456 1440 2483 eas
1464 2447 1522 2483 ita
1545 2451 1772 2483 accuratas
1794 2451 1926 2492 atque
1949 2455 2058 2492 prae·

411 2494 515 2532 cisas
537 2496 625 2536 esse.
648 2502 688 2532 vt
713 2496 874 2533 nullius
895 2497 1082 2544 scrupuli
1100 2500 1158 2534 cis
1176 2498 1243 2535 vel
1262 2498 1370 2536 vltra
1389 2501 1431 2536 in
1450 2498 1517 2536 his
1534 2498 1663 2536 lateat
1682 2499 1886 2536 deuiatio.
1909 2496 2058 2544 QuAm

1953 2562 2058 2589 vero
