2164 3246
73 369 136 402 465
516 334 854 403 CAPVT
888 336 1448 408 SEPTIMVM.

198 430 289 475 DE
311 429 588 474 STELLAE
610 429 835 474 HUIUS
859 431 1278 477 NEOTERICAE
1298 434 1478 479 VERA
1502 436 1764 481 MAGNI—

240 498 484 543 TUDINE‚
506 497 691 545 QUAM
713 498 775 536 IN
798 499 923 538 IPSO
946 500 1121 539 CAELO
1144 501 1443 547 OBTINUIT,
1466 504 1721 543 PRAEMIT-

341 559 551 599 TENDO
573 559 963 600 CAETERORUM
986 562 1240 610 QUOQUE
1263 565 1620 605 CAELESTIUM

107 638 122 663 ⁵
458 622 793 662 CORPORUM
814 623 1249 670 QUANTITATES,
1271 627 1403 665 TAM
1427 628 1504 666 EX

598 685 898 730 VETERUM,
916 686 1099 733 QUAM
1120 688 1366 727 PROPRIA

699 748 1262 789 ANIMADUERSIONE.

207 822 294 876 *clf
327 822 455 864 NH<
485 823 756 862 NSOLENS
777 824 955 871 quidem
976 826 1112 864 videri
1133 827 1272 873 posset‚
1294 828 1513 875 planeque
1534 831 1801 874 inaccessum,

160 870 172 921 '3
206 898 213 910 —.
233 878 286 918 ‘'1‘ss
337 857 457 966 ᾎῪῗξξ
484 877 596 916 adeo
617 877 831 916 immensa
851 880 1175 926 intercapedine
1196 887 1364 919 remoto
1383 885 1566 929 corpori,
1588 886 1801 931 magnitu-

184 931 214 977 ᾗ
250 939 287 973 ”;
358 946 373 961 ⁴
407 930 444 968 ’θ’
485 930 634 969 dinem
654 937 797 969 ratam
816 931 1053 979 praefinire:
1077 944 1176 971 cum
1198 933 1235 971 8(
1257 946 1320 977 ea,
1343 946 1443 982 quae
1464 937 1508 973 in
1529 935 1674 974 Terris
1695 936 1801 981 sunt,

483 983 681 1032 visuique
693 987 940 1033 propinque
953 992 1112 1033 patent,
1125 986 1203 1024 nifi
1214 994 1417 1026 accurata
1429 988 1671 1027 instituatur
1682 1002 1801 1028 men-

441 1040 456 1059 r
483 1037 716 1076 [urationis
737 1039 988 1083 collimatio‚
1010 1039 1262 1078 difficultate
1284 1042 1500 1080 nonnulla
1521 1042 1603 1080 hac
1620 1045 1665 1081 in
1681 1051 1801 1091 parte

169 1090 288 1117 κύω*
304 1103 308 1115 ³
323 1096 455 1118 '‘fflffl'*
484 1091 796 1130 obuoluantur.
814 1092 1224 1137 Verumenimuero‚
1242 1094 1270 1131 fi
1282 1094 1455 1133 vifibilis
1468 1095 1627 1134 Sideris
1639 1096 1800 1135 diame-

127 1151 131 1155 '
154 1150 230 1191 ter,
245 1146 334 1183 vna
349 1156 451 1184 cum
466 1147 561 1184 eius
577 1157 604 1184 a
619 1145 765 1184 Terris
782 1146 1071 1194 elongatione,
1094 1149 1139 1184 in
1159 1148 1391 1195 propatulo
1409 1149 1485 1186 esse
1502 1152 1672 1196 poterin
1695 1150 1800 1188 eius-

89 1211 120 1238 1⁵
155 1198 256 1238 dem
266 1201 555 1247 quantitatem
567 1205 742 1243 certam,
756 1211 891 1247 quam
903 1202 948 1237 in
961 1201 1128 1244 eodem,
1141 1201 1212 1239 vbi
1225 1201 1370 1244 existit.
1386 1201 1482 1239 loco
1495 1203 1669 1247 obtinet,
1686 1211 1800 1251 pate-

155 1251 308 1298 facere,
331 1251 622 1292 Geometricis
642 1255 882 1301 ratiocinijs
902 1265 994 1291 non
1011 1253 1065 1291 est
1081 1256 1265 1292 inuium.
1289 1254 1676 1301 Quemadmodum
1695 1259 1800 1295 iam-

155 1305 323 1345 dudum
338 1317 516 1354 quoque
532 1318 559 1344 a
574 1306 814 1344 Ptolemaeo
832 1306 869 1344 8(
887 1307 1134 1354 Copernico
1152 1310 1196 1345 in
1210 1308 1517 1346 Luminarium
1534 1309 1800 1348 dimenfione

154 1357 395 1399 factitatum
417 1359 489 1398 est:
513 1360 583 1398 Ab
603 1359 867 1408 Albategnio
888 1372 993 1398 vero
1017 1360 1054 1398 8(
1078 1360 1319 1409 Alfragano
1342 1363 1388 1399 in
1410 1362 1588 1409 reliquis
1612 1363 1800 1401 Planetis

155 1418 285 1461 atque
300 1412 461 1452 Affixis
477 1413 712 1452 Sideribus.

86 1477 120 1504 20
208 1466 277 1506 De
288 1466 422 1506 huius
433 1472 582 1506 autem
591 1467 739 1505 Nouae
750 1467 895 1506 Stellae
905 1479 1009 1505 vera
1020 1468 1319 1515 magnitudine
1332 1467 1517 1510 acturus.
1531 1469 1801 1516 reliquorum

155 1522 297 1569 primo
307 1520 419 1560 Caeli
430 1532 667 1569 corporum
679 1520 1163 1564 commensurationem.
1176 1527 1265 1559 tam
1277 1523 1398 1560 iuxta
1405 1522 1612 1560 Veterum
1623 1522 1800 1561 &Ante-

156 1574 373 1620 cessorum,
395 1586 531 1622 quam
550 1574 694 1613 nostra
715 1576 847 1612 etiam
863 1574 1023 1622 placita
1038 1577 1312 1622 praemittere.
1334 1586 1425 1613 non
1442 1576 1517 1613 abs
1534 1587 1579 1613 re
1596 1576 1724 1614 duco:
1747 1577 1800 1614 Vt

154 1630 397 1677 promptius
417 1628 473 1667 ad
495 1640 548 1667 ea
568 1640 669 1676 quae
690 1628 971 1672 intendimus,
993 1634 1137 1676 pateat
1158 1629 1356 1666 accessus:
1379 1629 1429 1666 Et
1446 1629 1619 1667 collatio
1636 1632 1799 1678 magni-

154 1681 317 1720 tudinis
332 1681 480 1720 Nouae
497 1681 655 1726 Stellae,
677 1682 730 1720 de
752 1693 841 1729 qua
861 1683 1121 1729 potissimum
1142 1684 1323 1730 agimus,
1345 1694 1445 1720 cum
1464 1683 1629 1720 caeteris
1645 1685 1800 1730 princi-

85 1745 119 1772 2⁵
154 1734 394 1783 palioribus
410 1735 572 1774 Mundi
587 1735 763 1773 visibilis
780 1736 1046 1783 corporibus,
1064 1735 1338 1773 commodius
1355 1735 1511 1773 institui
1529 1742 1670 1783 queat.
1689 1733 1703 1785 ΙΙ

68 1854 132 1888 466
181 1849 261 1889 DE
280 1850 441 1890 SOLIS
462 1850 501 1889 &
522 1851 707 1896 LVNAE,
730 1850 1026 1890 RESPECTU
1047 1851 1264 1893 TERRAE,
1287 1851 1324 1889 &
1346 1851 1519 1888 INTER
1541 1850 1618 1895 SE,
1641 1851 1774 1890 COL-

264 1913 431 1953 LATIS
452 1913 1006 1957 MAGNITUDINIBUS,
1029 1913 1216 1951 IUXTA
1237 1913 1634 1951 PTOLEMAEUM
1656 1913 1693 1951 8(

774 1975 1182 2015 COPERNICUM.

232 2045 572 2086 TOLEMAEVS
591 2048 899 2086 Luminarium
916 2059 1042 2085 veras
1062 2047 1398 2094 magnitudines.
1419 2053 1511 2084 tum
1533 2047 1588 2084 ad
1609 2048 1798 2084 inuicem

85 2111 119 2138 30
233 2103 563 2150 comparatione
579 2099 704 2146 facta,
726 2107 819 2139 tum
836 2112 1013 2148 quoque
1030 2101 1084 2138 ad
1101 2100 1294 2143 Terram,
1316 2099 1463 2137 sedulo
1480 2099 1797 2148 peruestigauit:

155 2153 284 2202 idque
299 2155 561 2203 potissimum
576 2167 653 2203 per
670 2154 856 2202 Eclipses
868 2154 1076 2197 Lunares.
1094 2154 1315 2191 mediante
1331 2154 1496 2191 vmbrae
1509 2153 1713 2191 Terrenae
1731 2165 1798 2191 co—

154 2207 320 2246 noidali
330 2207 485 2253 forma,
503 2208 681 2256 eiusque
693 2208 781 2246 alia
793 2215 924 2255 atque
937 2207 1024 2245 alia
1035 2206 1275 2245 transuersa
1287 2207 1570 2254 corpulentia.
1588 2206 1798 2244 adhibita-

154 2271 239 2308 que
255 2260 379 2300 fimul
395 2265 625 2310 apparenti
642 2262 950 2300 Luminarium
966 2261 1192 2303 diametro,
1214 2260 1296 2297 hoc
1316 2259 1454 2307 ipsum
1470 2259 1797 2298 manifestando.

153 2313 432 2363 Prodiditque
455 2318 491 2354 is
514 2315 715 2354 SOLEM
740 2317 954 2353 maiorem
978 2314 1114 2352 Terra
1137 2314 1212 2351 esse
1237 2313 1337 2351 1663.
1366 2313 1537 2351 Inuenit
1563 2315 1680 2351 enim
1706 2315 1799 2351 eius

84 2377 119 2404 35
154 2366 353 2407 diametri
373 2369 429 2408 ad
444 2368 687 2408 Terrenam
708 2370 1051 2417 proportionem.
1073 2367 1174 2405 ficut
1196 2368 1226 2404 ll
1244 2367 1298 2405 ad
1316 2367 1351 2404 2.
1374 2366 1581 2404 LVNAM
1599 2378 1702 2404 vero
1722 2369 1797 2403 mi-

98 2426 118 2458 ·1·
154 2432 308 2460 norem
318 2421 455 2461 Terra
470 2425 629 2471 reperit
644 2423 695 2461 39
711 2424 921 2469 proxime.
940 2421 1003 2459 Ita
1019 2427 1061 2458 vt
1078 2420 1185 2458 foret
1202 2421 1425 2468 proportio
1441 2420 1640 2457 diametri
1653 2419 1798 2457 Terrae

154 2474 210 2513 ad
220 2474 406 2521 Lunam,
418 2476 562 2524 qualis
574 2476 629 2514 est
641 2476 682 2514 17
694 2476 750 2514 ad
762 2477 797 2514 5.
812 2475 875 2513 Ex
888 2474 1046 2523 quibus
1058 2474 1345 2521 consequitur.
1358 2473 1469 2511 Solis
1482 2473 1796 2520 corpulentiam

153 2529 368 2567 maiorem
383 2529 505 2568 reddi
521 2530 687 2568 Lunari
703 2529 808 2568 6540
824 2528 924 2566 fere.

1514 2579 1797 2625 Albategnius
