2164 3246
38 812 68 839 lo

394 206 1054 249 PROGYMNASMATUM
1076 211 1278 250 PRIMA
1300 213 1450 252 PARS
1689 216 1745 254 161

102 315 257 363 redegi,
273 314 515 362 posthabita
526 314 602 354 illa
613 327 714 363 quae
727 328 913 355 numero
926 317 981 355 est
993 320 1145 365 prima,
1164 330 1251 366 qua
1263 320 1360 358 vsus
1372 320 1450 358 fuit
1462 321 1745 368 Copernicus,

103 381 155 408 eo
166 368 284 417 quod
295 367 372 406 illa
382 368 602 407 minutula
613 369 671 413 fit,
686 381 766 408 nec
778 370 1027 417 splendente
1039 372 1276 419 praesertim
1288 374 1414 411 Luna
1425 374 1522 412 satis
1536 375 1746 413 Obserua-

101 424 209 462 tioni
220 426 377 470 pateat.
391 421 455 459 Ex
466 421 565 468 plus
576 425 682 460 vero
692 435 828 470 quam
840 427 1045 469 centenis,
1059 424 1141 463 hoc
1154 428 1383 464 ratiocinio
1395 427 1600 474 praediffto
1613 430 1746 465 Anno

101 475 220 515 saetis
235 474 579 519 aduerfionibus,
595 480 742 514 ternas
757 477 1000 524 peculiares
1018 478 1173 526 easque
1191 479 1430 518 selectiores
1441 482 1746 518 tantummodo

102 540 359 578 proponam,
376 533 507 576 atque
523 531 720 567 numeris
736 530 1073 569 demonstratiue
1091 534 1352 579 expandam,
1370 534 1527 580 quibus
1540 537 1600 571 rei
1614 546 1746 581 quam

102 581 418 632 proposuimus,
436 582 568 620 cardo
585 583 880 621 conuoluitur.

153 634 349 674 Adhibui
365 636 498 673 etiam
513 637 559 673 in
575 635 656 680 his,
672 637 745 674 vbi
761 638 1064 684 requirebatur
1081 638 1360 677 Parallaxeos
1380 642 1423 683 Θ
1443 645 1572 687 atque
1593 644 1638 683 Q,
1656 647 1746 678 tum

102 691 232 728 etiam
246 688 556 736 implicationis
573 689 911 735 Refrac‘tionum,
929 702 1029 728 cum
1045 692 1100 729 ad
1118 692 1409 730 Horizontem
1425 696 1746 740 appropinqua-

101 748 181 788 tur,
197 741 511 780 enodationem
526 749 659 790 atque
676 749 973 791 opportunam
990 744 1323 792 castigationem.

154 795 223 834 Ne
234 807 340 834 vero
355 795 428 834 hae
443 795 546 844 ipsae
558 796 857 835 Parallaxium
873 803 1004 845 atque
1018 797 1342 836 Refradlionum
1358 799 1675 846 implicationes
1691 812 1747 837 an

102 851 179 888 rite
199 861 279 888 nec
299 860 354 887 ne
375 847 580 888 correctae
597 851 736 895 essent,
757 850 925 898 aliquid
942 851 1086 889 adhuc
1102 851 1289 899 scrupuli
1306 854 1351 889 in
1367 855 1517 890 animo
1534 853 1747 900 relinque-

103 907 207 948 rent,
227 913 473 951 paucorum
489 905 622 941 etiam
637 903 954 951 scrupulorum,
976 907 1021 942 in
1038 904 1316 943 Restitutione
1334 905 1540 943 Fixarum
1556 905 1608 943 sic
1625 905 1747 949 facia,

102 956 386 1004 suspicionem
409 962 654 1001 mouentes,
682 957 771 996 alia
796 958 990 1005 quadam
1015 958 1160 996 adhuc
1187 958 1414 1001 Methodo,
1445 959 1684 1006 altioreque
1711 960 1747 996 &

22 1019 81 1052 156
102 1009 297 1059 pleniore
313 1005 328 1060 ΙΙ
343 1010 550 1058 indagine
571 1022 665 1048 rem
684 1015 854 1049 tantam
875 1012 1084 1059 aggressus
1105 1011 1210 1055 sum,
1232 1013 1362 1059 idque
1379 1012 1475 1060 alijs
1493 1012 1747 1059 quibusdam

39 1079 69 1106 15

39 1345 72 1372 20

40 1613 73 1639 2⁵

103 1063 426 1112 insequentibus
437 1064 593 1102 Annis.
609 1065 1035 1103 Animaduertebam
1052 1067 1170 1102 enim
1187 1077 1274 1112 qua
1286 1065 1379 1103 fieri
1391 1068 1529 1112 potuit
1541 1065 1747 1112 perspica-

105 1119 240 1162 citate,
261 1116 440 1165 quando
462 1120 488 1161 Ω
510 1117 651 1156 anm
667 1129 845 1166 quoque
861 1118 1050 1156 interdiu
1066 1117 1253 1165 spectare
1272 1119 1430 1162 liceret,
1448 1118 1484 1156 δι
1501 1124 1602 1156 tunc
1619 1119 1747 1156 colla—

104 1172 220 1210 tione
237 1169 297 1218 (vt
313 1170 461 1218 antea)
477 1171 533 1209 ad
550 1171 679 1210 Fixas
695 1170 820 1216 facia,
838 1183 992 1210 earum
1008 1172 1117 1215 loca,
1137 1183 1189 1209 ex
1205 1171 1288 1210 hac
1305 1172 1516 1214 deriuaui,
1539 1172 1627 1219 ipsa
1643 1172 1747 1219 post-

105 1223 286 1263 modttm
294 1224 350 1262 ad
360 1225 404 1269 Θ
415 1230 617 1263 exortum
625 1224 866 1269 verificata;
876 1226 1021 1273 Atque
1031 1225 1084 1263 fic
1094 1225 1261 1272 aliquot
1269 1226 1503 1263 Annorum
1513 1228 1748 1263 matutinas

106 1277 481 1323 considerationes,
497 1280 694 1317 maxima
705 1278 928 1327 diligentia
939 1278 1084 1323 factas,
1102 1290 1202 1316 cum
1213 1278 1475 1326 vespertinis,
1488 1290 1578 1316 non
1590 1281 1749 1315 minori

105 1330 240 1370 studio
263 1330 461 1376 obtentis,
483 1331 522 1370 &
541 1332 611 1370 vel
631 1332 688 1370 ad
708 1332 882 1370 easdem
902 1332 972 1370 vel
994 1332 1169 1379 quasuis
1192 1332 1301 1370 alias
1322 1332 1475 1370 Stellas
1499 1332 1748 1379 applicatas,

106 1383 406 1432 circumspecte
422 1387 575 1424 omnia
589 1386 858 1430 trutinando,
876 1386 1040 1424 contuli
1056 1391 1186 1433 atque
1204 1387 1468 1423 examinaui.

158 1438 255 1477 Has
276 1443 425 1477 autem
448 1451 615 1484 omnes,
638 1444 730 1477 tam
750 1439 866 1478 ans
889 1451 1025 1487 quam
1047 1439 1255 1477 serotinas
1279 1438 1668 1485 contemplationes
1692 1440 1749 1476 ita

107 1493 296 1530 inuicem
311 1491 601 1531 conferendas
617 1493 735 1538 duxi,
752 1499 796 1531 vt
812 1493 992 1540 quando
1004 1493 1154 1530 Venus
1171 1492 1208 1530 &
1225 1492 1298 1530 Sol
1315 1498 1437 1530 erant
1451 1494 1496 1529 in
1508 1492 1749 1529 Altitudine

107 1544 233 1594 supra
256 1545 563 1591 Horizontem,
589 1546 910 1591 Declinatione‚
940 1552 1071 1593 atque
1098 1546 1355 1584 Remotione
1381 1547 1407 1582 a
1431 1545 1577 1587 Terra,
1604 1544 1749 1591 quoad

107 1597 200 1637 fieri
215 1599 355 1647 posset‚
372 1602 709 1648 quamproxime
726 1600 1033 1644 consimilibus,
1050 1601 1241 1637 inuicem
1257 1599 1514 1647 potissimum
1526 1609 1749 1645 compara-

107 1654 167 1691 tio
180 1651 302 1691 soret.
319 1652 388 1692 Sic
402 1655 521 1692 enim
533 1652 861 1692 Refracstionum
872 1659 1003 1701 atque
1015 1653 1311 1691 Parallaxium
1328 1652 1410 1690 sese
1426 1650 1580 1689 mutuo
1593 1651 1661 1688 vel
1678 1651 1749 1688 eli—

108 1705 314 1751 dentium,
330 1706 401 1745 vel
415 1719 493 1755 per
508 1708 815 1746 intermediam
835 1706 1149 1745 distinctionem
1171 1706 1512 1747 emendantium,
1534 1704 1750 1742 obstacula

108 1758 446 1806 [emouerenum
466 1760 729 1809 nullumque
750 1760 941 1808 amplius
961 1760 1156 1803 dubium,
1177 1762 1222 1797 in
1239 1760 1428 1797 Praxeos
1449 1758 1580 1796 huius
1597 1769 1749 1795 execu-

108 1814 225 1852 tione
239 1812 484 1862 scrupulose
500 1814 811 1859 administrata,
828 1816 873 1852 in
890 1816 1049 1852 animis
1066 1814 1372 1860 relinquerent.

159 1866 276 1905 Licet
290 1878 396 1906 vero
411 1868 625 1916 plurimas
640 1868 796 1906 talium
813 1879 990 1915 quoque
1009 1869 1324 1905 matutinarum
1345 1872 1475 1912 atque
1492 1864 1749 1911 vespertina-

108 1931 205 1958 rum
215 1919 514 1967 collationum,
526 1933 606 1970 pro
616 1921 732 1960 Fixis
742 1921 964 1960 Sideribus
974 1923 1051 1958 rite
1061 1920 1350 1967 disponendis,
1363 1917 1749 1964 examinandisque

107 1974 220 2012 intra
234 1976 433 2022 proxime
449 1975 645 2023 elapsum
657 1975 945 2023 Septennium
962 1974 1128 2012 caelitus
1144 1974 1327 2020 adeptus
1344 1972 1435 2009 sim:
1453 1971 1590 2008 visum
1604 1977 1750 2008 tamen

109 2026 175 2072 est,
191 2027 232 2065 12
247 2027 397 2067 saltem
413 2031 798 2067 conuenientiores
815 2026 1136 2074 exactioresque
1153 2026 1339 2074 seligere,
1361 2031 1491 2072 atque
1508 2025 1578 2061 hic
1595 2035 1750 2071 propo-

109 2091 223 2119 nere.
244 2080 299 2119 Vt
318 2081 372 2120 fic
391 2082 518 2120 fimul
533 2082 771 2130 quindenae
788 2082 866 2119 sint
882 2081 1036 2119 nostrae
1052 2083 1098 2118 in
1115 2080 1322 2118 Fixarum
1342 2079 1448 2116 locis
1467 2077 1751 2115 emendandis

109 2133 523 2182 Argumentationes
545 2141 677 2184 atque
701 2135 1098 2183 comprobationes;
1123 2145 1232 2181 quas
1256 2144 1385 2174 nunc.
1410 2133 1526 2169 Artis
1549 2131 1750 2168 Astrono—

109 2189 233 2226 micae
255 2188 494 2228 cultoribus
515 2189 751 2228 liberaliter
775 2190 1094 2236 impartiemur;
1122 2187 1341 2234 praemissis
1366 2187 1498 2223 ternis
1523 2184 1618 2226 illis.
1643 2194 1752 2230 quas

110 2240 165 2279 ad
179 2240 426 2290 Hesperum
445 2242 619 2281 seorfim
634 2243 769 2280 Anno
792 2242 851 2289 (vt
871 2242 1103 2289 aliquoties
1124 2239 1285 2278 dicium
1307 2239 1377 2284 est)
1399 2239 1449 2276 82
1470 2238 1750 2275 obtinuimus.

110 2292 256 2333 Postea
279 2295 509 2335 duodenas
533 2296 631 2335 illas
655 2302 745 2335 tam
771 2295 1022 2334 Luciferum
1048 2305 1182 2341 quam
1208 2292 1454 2339 Hesperum
1483 2291 1752 2337 respicientes

110 2347 350 2395 expofituri.

215 2570 244 2595 ²¹
1370 2554 1750 2595 ENVMERATIO
