2164 3246
385 210 1046 252 PROGYMNASMATUM
1069 213 1378 254 SECUNDA
1400 215 1551 255 PARS
1720 217 1796 255 433

200 317 282 357 Etsi
293 318 417 356 nullo
429 317 719 356 Instrumento
729 318 874 358 Stenae
884 319 1094 359 vifibilem
1104 321 1394 367 Diametrum,
1408 323 1514 360 dum
1525 321 1796 370 spectaretur,

148 372 186 411 &
201 371 438 420 praesertim
449 383 550 409 cum
562 374 608 409 in
618 374 844 420 praecipuo
857 374 950 411 esset
961 376 1121 422 vigore,
1139 375 1305 413 caelitus
1317 376 1507 414 demensi
1519 376 1648 414 fimus
1662 377 1797 424 (quod

148 425 186 464 &
201 436 277 473 per
292 424 332 463 se
349 425 405 463 ob
421 425 649 463 radiorum
664 427 850 464 nimiam
866 426 1215 466 scintillationem
1232 429 1473 467 difficultati
1486 441 1576 467 non
1588 431 1797 468 mediocri

147 478 391 518 obnoxium
415 478 541 525 erat):
567 478 739 517 Tamen
764 479 997 518 collatione
1024 481 1295 528 reliquorum
1321 482 1534 527 Siderum,
1560 483 1796 530 praesertim

95 546 111 572 5
147 532 265 571 Iouis
280 531 319 570 8(
330 531 514 570 Veneris
526 531 685 576 Stenae,
702 531 826 576 faeta,
844 534 1002 580 quibus
1019 534 1074 572 ab
1090 537 1225 579 initio,
1243 548 1343 573 cum
1360 538 1405 573 in
1421 536 1590 574 summo
1608 538 1700 575 esset
1717 537 1796 575 ful-

146 597 261 634 gore,
282 587 483 633 proxime
503 584 580 624 sua
600 584 818 633 spectabili
838 586 1092 633 Quantitate
1114 589 1442 636 adaequabatur,
1465 592 1558 628 eius
1579 602 1796 638 apparens

147 639 385 683 Diameter,
393 638 504 683 satis,
513 644 731 686 quantum
739 651 819 687 pro
829 639 912 678 hoc
923 643 1097 688 negotio
1107 641 1330 686 suffecerit,
1339 643 1618 681 determinari
1629 647 1795 690 poterit.

200 691 500 731 Indicauimus
520 691 732 740 fiquidem
749 692 857 740 Cap.
875 693 898 731 3
916 693 1270 742 Magnitudinem
1291 695 1420 743 ipsius
1436 696 1656 740 visibilem.
1679 697 1796 735 Iouis

147 745 285 790 iubar,
298 747 555 790 etiamtunc,
566 748 713 784 cumis
721 745 867 784 Terris
877 749 1118 794 proximior
1128 749 1232 793 efflet,
1246 749 1573 796 aliquantulum
1583 751 1795 794 excessisse,

82 812 113 838 ιο
148 798 188 838 8(
208 800 388 848 propius
408 798 593 837 Veneris
615 798 769 843 facem,
794 800 973 847 quando
995 801 1230 848 praesertim
1252 802 1397 840 Terris
1417 805 1561 841 vicina
1584 804 1796 851 ampliore

147 852 272 891 vultu
296 851 449 897 elucet,
475 852 660 900 attigisse.
687 852 820 899 Quod
846 865 937 891 non
962 853 1101 892 solum
1125 855 1262 899 nobis,
1287 858 1576 894 verumetiam
1599 857 1797 904 plurimis

148 905 258 954 alijs,
278 905 460 945 Stellam
479 904 596 944 hanc
617 906 671 944 ab
692 908 817 944 initio
838 912 998 945 attente
1015 909 1296 953 intuentibus,
1318 908 1437 947 haud
1455 909 1631 948 obscure
1648 913 1796 957 patuit.

148 958 355 1007 Hincque
371 958 524 1007 aliqua
535 970 589 997 ex
600 965 722 1007 parte
734 958 897 998 fadtum
909 960 975 1004 est,
993 962 1111 1008 quod
1124 964 1237 1000 circa
1248 964 1534 1010 apparitionis
1545 964 1796 1010 primordia.

147 1012 338 1052 interdiu
353 1024 544 1061 quoque,
561 1015 662 1051 a‘ere
680 1013 883 1052 existente
900 1013 1187 1059 defaecatiore,
1205 1015 1379 1053 discrete
1397 1023 1656 1054 cerneretur.
1680 1016 1797 1063 Qua-

80 1079 111 1105 ι5
146 1071 322 1114 propter
341 1077 443 1105 cum
464 1077 518 1104 ex
538 1066 668 1114 supra
691 1070 1046 1105 commemoratis
1069 1068 1239 1113 constet,
1263 1068 1381 1107 Iouis
1403 1069 1594 1113 Stellam,
1619 1070 1797 1117 quando

147 1121 261 1159 circa
281 1119 476 1158 mediam
497 1119 692 1158 versatur
715 1131 742 1158 a
763 1120 909 1158 Terris
932 1121 1269 1169 elongationem,
1293 1122 1335 1161 22
1362 1123 1539 1160 Minuta
1562 1123 1796 1170 complere:

147 1172 375 1221 aliquanto
390 1175 534 1211 maior
549 1179 653 1212 tunc
668 1176 878 1222 temporis
893 1173 984 1219 fuit,
1003 1186 1103 1212 cum
1114 1174 1258 1213 Terris
1273 1178 1318 1213 in
1331 1177 1554 1214 retrocessu
1570 1176 1646 1214 suo
1663 1188 1797 1224 prope

147 1226 391 1275 Perigaeum
402 1226 641 1265 Eccentrici
658 1227 719 1273 (vt
729 1227 862 1275 vulgo
878 1227 1137 1275 loquuntur)
1154 1228 1241 1266 siue
1258 1231 1386 1276 primi
1399 1230 1569 1273 circelli,
1587 1232 1708 1267 iuxta
1722 1241 1798 1267 no-

146 1279 249 1319 stras
260 1281 465 1325 rationes,
474 1282 662 1319 vicinius
674 1280 910 1323 accederet.
922 1283 982 1319 ita
991 1288 1034 1319 vt
1046 1282 1101 1320 ad
1113 1284 1359 1325 minimum,
1373 1289 1528 1329 quarta
1539 1290 1659 1330 parte
1670 1285 1799 1320 vnius

77 1345 112 1372 20
148 1333 314 1372 Minuti
329 1335 472 1372 maior
488 1333 677 1373 eandem
694 1334 749 1373 ob
766 1335 952 1373 caussam
969 1341 1160 1382 apparet,
1182 1335 1323 1383 ficque
1344 1338 1426 1374 tria
1443 1336 1619 1374 Minuta
1636 1338 1798 1384 integre

146 1386 430 1426 subtenderet.
448 1386 583 1426 Stella
597 1399 703 1426 vero
715 1387 912 1432 Veneris,
930 1388 1001 1426 etfi
1016 1390 1138 1426 iuxta
1154 1389 1346 1426 mediam
1359 1401 1385 1427 a
1395 1388 1540 1427 Terris
1556 1389 1799 1427 distantiam

147 1442 221 1479 vix
244 1440 356 1480 vltra
380 1440 427 1481 33¹(
452 1440 632 1480 Minuta
655 1443 702 1479 in
727 1444 956 1489 apparenti
982 1441 1211 1480 Diametro
1237 1444 1472 1480 contineat:
1504 1442 1673 1480 Tamen
1700 1454 1800 1480 cum

147 1505 283 1543 prope
294 1493 550 1533 inferiorem
560 1494 624 1533 sui
637 1494 767 1533 Orbis
780 1501 948 1543 partem
960 1495 1252 1540 conuoluitur‚
1271 1495 1308 1533 8(
1324 1495 1650 1543 aliquantulum
1662 1507 1688 1534 a
1700 1496 1798 1534 Sole

147 1547 323 1596 digressa
343 1547 411 1592 en,
433 1553 649 1596 quaterna
665 1548 856 1592 Minuta,
878 1548 907 1586 fi
927 1560 1018 1586 non
1039 1551 1184 1596 potius
1205 1549 1408 1586 nonnihil
1428 1549 1537 1596 plus,
1560 1549 1799 1596 adimplere

80 1612 114 1639 2⁵
151 1603 353 1640 cernitur.
370 1601 491 1640 Nam
507 1600 546 1640 &
561 1613 643 1640 nos
655 1601 910 1650 aliquando,
928 1604 1021 1640 eius
1033 1601 1242 1640 vifibilem
1254 1602 1532 1640 Diametrum
1545 1614 1644 1640 cum
1655 1602 1800 1640 Terris

151 1654 394 1694 admodum
409 1657 797 1703 appropinquaret,
819 1654 857 1693 &
877 1655 1000 1693 solito
1017 1658 1158 1693 maior
1175 1655 1508 1703 conspiceretur..
1522 1658 1658 1702 quina
1674 1667 1799 1702 prox-

150 1710 238 1747 ime
249 1707 429 1747 Minuta
444 1711 668 1757 attingere,
685 1709 879 1757 diligenti
895 1708 1091 1747 adhibita
1107 1709 1401 1747 collimatione
1419 1709 1798 1755 deprehendimus.

151 1760 236 1801 Sed
246 1761 440 1801 hocloco
449 1762 634 1800 Veneris
645 1774 743 1801 eam
754 1762 1044 1805 Diametrum.
1058 1762 1235 1809 qualem
1247 1773 1377 1800 mane
1388 1762 1425 1800 &
1436 1761 1609 1809 Vesperi
1623 1762 1800 1809 quando

151 1826 179 1854 a
189 1814 290 1854 Sole
301 1815 508 1854 nonnihil
519 1818 741 1863 expatiata
756 1815 896 1859 fuerit,
914 1827 1014 1863 quae
1028 1822 1216 1863 quatuor
1229 1815 1387 1853 Minut.
1400 1821 1443 1852 vt
1460 1815 1698 1862 plurimum
1710 1826 1800 1862 prae

82 1879 116 1906 30
151 1867 192 1907 se
201 1867 293 1914 fert,
303 1868 620 1917 vsurpabimus.
632 1869 837 1917 Cumque
849 1869 984 1907 Noua
993 1869 1100 1912 haec,
1111 1868 1186 1907 sua
1195 1868 1346 1906 vifibili
1358 1868 1610 1914 Quantitate
1619 1868 1801 1906 Veneris

151 1922 331 1970 quidem
346 1922 506 1967 Stellae,
522 1934 614 1961 non
630 1922 804 1971 prorsus
821 1929 1082 1970 aequaretur,
1099 1921 1169 1960 sed
1186 1933 1284 1960 eam
1301 1924 1480 1969 propius
1497 1933 1631 1968 quam
1650 1922 1801 1959 Iouem

153 1975 228 2023 (vti
235 1974 398 2015 dietum
405 1976 477 2023 eft)
485 1976 815 2024 repraesentarit,
823 1976 958 2024 paulo
966 1976 1213 2013 minorem4
1223 1975 1333 2013 Min.
1341 1974 1378 2012 8(
1386 1977 1599 2012 maiorem
1608 1974 1698 2012 3M.
1709 1977 1802 2012 eius

64 2033 129 2067 485
152 2028 432 2068 Diametrum
443 2029 654 2068 vifibilem
666 2029 934 2073 constituere,
953 2031 1223 2067 conueniens
1240 2030 1329 2066 erit.
1348 2028 1497 2075 Itaque
1515 2028 1609 2066 haec
1627 2024 1801 2077 de-ssbite

151 2083 406 2121 trutinando
417 2082 750 2131 limitandoque,
761 2085 834 2121 vix
844 2094 870 2121 a
880 2082 987 2120 iuna
996 2083 1143 2120 amussi
1153 2081 1466 2123 aberrabimus.
1477 2081 1505 2118 fi
1516 2081 1659 2119 Stellae
1670 2081 1802 2118 huius

82 2146 117 2174 3⁵
151 2135 363 2175 vifibilem
378 2136 660 2176 Diametrum
676 2137 722 2177 3³2
739 2137 900 2174 Minut.
918 2135 1275 2183 assumpserimus,
1296 2134 1415 2182 quasi
1432 2135 1548 2172 Iouis
1567 2134 1603 2171 8(
1620 2134 1802 2171 Veneris

152 2188 297 2228 Steuae
308 2190 629 2235 intermediam,
641 2196 685 2228 vt
695 2197 740 2228 ut
750 2190 865 2228 hanc
875 2191 1018 2237 potius
1029 2189 1237 2227 aemulata
1247 2188 1308 2226 fit:
1322 2188 1439 2235 quod
1450 2188 1581 2235 radijs
1592 2188 1802 2234 vndiqua-

152 2253 238 2291 que
253 2243 432 2282 vibratis
447 2244 759 2292 imputandum
775 2243 1056 2281 censebimus.
1080 2242 1191 2279 Haec
1213 2243 1340 2289 igitur
1363 2248 1453 2279 erat
1471 2241 1614 2279 Stellae
1632 2240 1803 2277 visibilis

153 2295 429 2345 Magnitudo,
442 2309 544 2335 cum
553 2299 598 2335 in
607 2299 805 2335 maximo
815 2299 928 2334 circa
938 2296 1013 2334 sua
1023 2295 1262 2343 primordia
1271 2294 1510 2342 splenderet
1521 2294 1686 2341 fulgore
1698 2293 1734 2330 8(
1745 2295 1802 2329 vi-

152 2360 267 2398 gore,
277 2351 598 2395 accuratissime‚
610 2350 757 2398 quoad
768 2350 862 2388 fieri
872 2349 1015 2397 potest,
1028 2351 1246 2386 extricata.
1261 2348 1353 2385 Nec
1364 2355 1511 2385 tamen
1522 2347 1684 2388 dubito.
1699 2348 1803 2393 quin

82 2413 117 2440 4ο
153 2402 291 2451 aliqui
310 2402 445 2442 futuri
463 2404 554 2448 sint,
576 2406 652 2452 qui
669 2403 707 2442 8(
723 2403 838 2442 hanc
855 2405 985 2440 nimis
1003 2414 1028 2440 a
1045 2402 1171 2440 nobis
1187 2399 1450 2439 coarctatam
1468 2401 1543 2438 esse
1561 2401 1801 2438 iudicarint.

153 2455 273 2495 Nam
288 2455 327 2495 &
342 2457 548 2496 nonnulli
565 2457 684 2496 Iouis
703 2464 834 2504 atque
851 2456 1034 2494 Veneris
1051 2455 1186 2499 Astra,
1210 2455 1389 2502 quando
1406 2454 1550 2491 Terris
1572 2455 1802 2500 appropin-

153 2515 291 2557 quant
301 2510 326 2549 7
336 2510 407 2549 vel
417 2510 443 2549 8
454 2510 633 2549 Minuta
649 2513 695 2549 in
707 2510 936 2549 Diametro
949 2508 1100 2547 vifibili
1117 2508 1371 2546 subtendere
1388 2507 1538 2597 &unci-:a
1551 2509 1800 2596 gginantur.

261 2570 295 2596 ⁵⁵
1522 2571 1546 2597 o
1615 2567 1746 2595 ituem
1754 2569 1801 2594 us
