2164 3246
372 214 1030 254 PROGYMNASMATUM
1053 216 1361 256 SECUNDA
1383 218 1533 257 PARS
1714 220 1781 257 419

186 323 240 361 Vt
255 333 360 360 vero
381 321 542 360 harum
558 322 736 359 Artium
752 321 936 360 Studiofi
957 322 1112 361 rectius
1134 326 1381 371 concipiant
1403 336 1491 372 qua
1508 325 1722 363 Methodo
1745 326 1781 364 &

134 375 511 416 demonstrationis
526 375 718 423 processu
728 375 1015 424 Albategnius
1032 377 1291 424 potissimum
1303 377 1399 416 vsus
1416 378 1473 419 fit.
1490 380 1536 416 in
1549 378 1781 417 Stellarum

133 428 514 478 Magnitudinibus
535 427 846 476 praefiniendis,
869 441 922 467 ex
943 430 1044 468 data
1066 442 1219 468 earum
1240 430 1437 469 distantia
1454 431 1490 469 δι
1507 431 1658 469 visibili
1676 432 1780 470 Dia·

132 488 271 522 metro
287 484 333 521 in
348 482 546 530 aliquota
561 489 683 530 parte
700 481 864 521 Solaris
880 483 1093 527 diametri,
1110 486 1231 522 iuxta
1248 487 1568 532 apparentiam:
1586 485 1704 523 lubet
1720 488 1779 533 ip—

80 553 96 579 ⁵
132 537 216 575 lius
238 535 618 575 demonstrationis
640 541 772 583 atque
793 539 1060 584 operationis
1083 544 1293 580 tenorem,
1316 538 1522 576 breuibus
1546 539 1778 586 explicare:

132 601 232 629 cum
248 589 358 628 alias
373 595 464 628 tam
480 589 534 627 ab
551 588 641 637 ipso
657 589 933 637 Albategnio.
956 602 1091 637 quam
1112 593 1205 628 eius
1226 591 1326 637 (hoc
1347 591 1583 638 praesertim
1603 594 1648 630 in
1665 592 1779 638 loco)

132 643 384 692 exposuere,
402 643 765 691 Regiomontano,
783 642 1038 682 obscuritate
1055 644 1272 682 nonnulla
1289 645 1544 692 implicetur.

184 696 246 736 Sit
260 698 390 745 igitur
405 698 451 734 in
466 695 662 744 sequenti
673 695 814 744 figura
825 697 865 734 Α
875 697 908 734 Ε
919 697 1065 735 media
1077 697 1273 736 distantia
1286 697 1410 741 Solis,
1428 701 1551 736 cuius
1563 710 1779 746 apparens

130 750 460 794 semidiameter‚
477 749 523 787 fit
539 749 618 788 EC
635 751 681 787 in
696 749 772 788 sua
784 749 979 797 Sphaera.
997 752 1249 798 Accipiatur
1264 762 1368 789 vero
1381 751 1555 789 Saturni
1574 752 1778 799 (exempli

65 819 95 845 ιο
131 803 286 850 caussa)
303 805 489 842 remotio
506 814 533 841 a
547 802 694 841 Terris
709 803 802 847 AF,
824 805 869 841 in
886 815 975 851 qua
990 804 1102 842 Solis
1119 804 1450 843 Semidiameter
1466 805 1671 843 euaderet
1687 813 1778 843 tan-

132 868 267 906 quam
282 856 378 901 FG,
398 856 437 895 &
457 856 670 905 fiqm‘dem
690 859 726 895 is
746 856 834 894 illic
855 856 1279 896 decimamoctauam
1297 864 1466 905 partem
1483 858 1535 896 de
1552 862 1780 906 apparenti

131 911 244 950 Solis
255 910 603 954 Semidiametro‚
616 910 764 958 quoad
776 910 927 955 visum,
941 922 1155 958 occupare
1168 912 1400 955 assumitur,
1414 914 1492 949 erit
1504 923 1556 949 ea
1567 918 1779 959 tanquam

131 964 225 1003 FD.
245 964 301 1002 Vt
319 965 449 1012 igitur
467 963 508 1002 se
529 962 661 1002 habet
677 964 760 1002 EA
776 964 831 1002 ad
849 964 927 1002 EC
944 964 997 1002 fic
1014 965 1094 1002 AF
1110 965 1164 1003 ad
1182 964 1275 1003 FG.
1299 964 1520 1003 Constabit
1540 967 1667 1012 igitur
1684 965 1777 1007 FG.

131 1019 256 1057 cuius
270 1015 603 1056 deeimaodtaua
617 1028 719 1066 pars
731 1017 787 1055 est
799 1017 840 1055 D
849 1017 892 1061 F,
909 1017 1054 1056 semid.
1068 1017 1243 1056 Saturni
1255 1030 1406 1056 veram
1417 1020 1462 1056 in
1474 1018 1618 1056 semid.
1632 1018 1778 1056 Terrae

64 1086 95 1112 ιε
131 1070 355 1110 exhibens.
370 1071 539 1110 Eodem
549 1071 696 1115 modo,
708 1070 739 1109 fi
749 1077 939 1119 ponatur
952 1071 1063 1109 Solis
1075 1071 1219 1109 semid.
1233 1071 1264 1109 F
1274 1071 1327 1115 G,
1342 1071 1379 1109 &
1389 1072 1571 1109 Veneris
1583 1072 1651 1109 vel
1662 1072 1777 1110 Mer-

131 1126 236 1174 curij
259 1124 374 1164 infra
393 1135 498 1163 eum
518 1124 733 1163 existentis
754 1124 842 1169 BE,
865 1127 1077 1172 quoniam
1093 1132 1136 1162 vt
1152 1125 1232 1162 AF
1250 1125 1305 1163 ad
1322 1125 1420 1163 FG:
1442 1124 1495 1162 sic
1511 1125 1592 1162 ΑΕ
1610 1126 1665 1163 ad
1683 1125 1777 1163 CE:

43 1187 108 1220 470
132 1177 352 1218 Offeretur
365 1177 512 1216 semid.
529 1177 643 1217 Solis
658 1180 705 1216 in
720 1177 865 1216 semid.
882 1178 1043 1222 Terrae,
1063 1181 1107 1216 in
1124 1175 1367 1227 assum-sspta
1384 1178 1580 1216 distantia
1597 1178 1779 1216 Veneris

131 1231 202 1271 vel
210 1231 434 1281 Mercurij.
447 1232 594 1279 Atque
603 1231 706 1270 hinc
715 1231 924 1280 separata,
937 1231 1023 1270 fiue
1034 1232 1204 1270 decima
1213 1243 1291 1279 pro
1301 1232 1484 1274 Venere,
1495 1231 1581 1269 siue
1592 1232 1777 1270 decima-

132 1287 286 1334 quinta
297 1297 378 1334 pro
389 1285 628 1329 Mercurio,
644 1288 859 1333 portione.
877 1285 1105 1324 cuiuslibet
1121 1285 1293 1327 horum.
1312 1286 1458 1332 quoad
1469 1285 1616 1322 Terrae
1633 1284 1777 1322 semid.

61 1353 96 1380 zo
132 1339 395 1388 Magnitudo
415 1338 654 1378 innotescit.
676 1339 726 1377 In
742 1339 883 1378 Stelh's
900 1350 1076 1386 quoque
1094 1339 1209 1376 Fixis
1226 1350 1316 1376 non
1335 1339 1470 1382 aliter,
1493 1350 1628 1385 quam
1649 1345 1778 1376 antea

75 1397 96 1429 ·1·
131 1393 185 1432 de
200 1392 391 1432 Saturno
406 1391 570 1432 dictum
585 1392 653 1437 est,
669 1393 1024 1431 ratiocinabatur.

373 1493 410 1535 G

182 2089 399 2130 Praeterea
409 2090 531 2129 aliud
542 2090 753 2138 quiddam
765 2089 922 2133 adhuc,
936 2089 1052 2136 quod
1065 2100 1090 2126 a
1101 2088 1329 2126 Veteribus
1341 2087 1581 2125 realitatem
1593 2087 1776 2125 Orbium

130 2143 364 2182 caelestium
379 2143 532 2183 frustra
543 2143 830 2183 astruentibus
843 2154 932 2181 non
946 2141 1308 2183 confiderabatur.
1326 2141 1673 2179 admonitionem
1691 2153 1776 2178 me-

130 2201 264 2236 retur:
281 2197 436 2236 Stellas
451 2197 652 2236 videlicet
667 2197 796 2236 Fixas
812 2208 903 2234 non
920 2196 1150 2234 necessario
1168 2206 1321 2233 omnes
1338 2194 1500 2241 aequali
1516 2206 1541 2232 a
1558 2194 1701 2231 Terris
1718 2194 1777 2231 di-

61 2262 94 2287 25
130 2249 283 2289 stantia
297 2253 530 2290 remoueri.
552 2251 723 2289 Possunt
739 2252 857 2289 enim
874 2250 1036 2297 aliquae
1054 2249 1241 2292 illarum,
1263 2259 1424 2296 magno
1446 2247 1665 2285 interstitio
1686 2248 1777 2285 alti-

130 2315 228 2342 ores
238 2303 336 2353 alijs
348 2305 442 2344 esse:
455 2317 509 2344 ex
521 2316 610 2353 quo
621 2316 714 2343 non
725 2304 896 2347 constet,
909 2314 1043 2351 quam
1053 2302 1202 2350 ampla
1211 2301 1257 2339 fit
1266 2313 1318 2340 ea
1329 2301 1440 2340 Caeli
1449 2301 1631 2342 vastitas.
1645 2313 1777 2348 quam

130 2356 202 2396 hae
222 2364 450 2407 occupant.
472 2359 665 2406 Ideoque
687 2369 788 2396 cum
807 2357 1082 2404 inaequaliter
1100 2356 1269 2404 (procul
1285 2355 1435 2401 dubio)
1453 2362 1776 2393 remoueantur.

130 2415 258 2450 certae
277 2412 604 2461 magnitudines
625 2412 800 2460 lingulis
816 2423 839 2450 e
855 2410 1007 2449 visibili
1024 2411 1250 2453 diametro,
1272 2408 1378 2447 iusta
1399 2408 1624 2450 decisione,
1646 2409 1776 2454 depu-

129 2466 212 2503 tari
236 2472 475 2513 nequeunt,
501 2477 602 2504 cum
627 2465 873 2504 differentia
898 2464 1276 2511 intercapedinum
1299 2462 1344 2500 fit
1367 2461 1775 2509 imperuestigabilis.

61 2528 95 2554 ³0
131 2516 243 2556 Fieri
267 2520 415 2567 itaque
440 2519 574 2567 potest
595 2525 639 2557 vt
664 2519 826 2566 aliquae
852 2521 1046 2556 minores
1071 2518 1197 2555 nobis
1222 2524 1493 2564 apparentes.
1521 2514 1776 2604 ᾳυῴυῑᾴξω

237 2579 287 2606 ⁵³⁸
1540 2579 1693 2605 maiori
1729 2579 1776 2603 us
