2164 3246
403 201 1062 241 PROGYMNASMATUM
1084 203 1288 240 PRIMA
1310 203 1461 241 PARS
1696 203 1763 240 197

26 323 84 356 193
111 310 506 356 COLLECTIO
521 311 833 356 OMNIUM
848 311 1365 356 ASCENSIONUM
1383 312 1761 357 RECTARUM

184 379 248 418 IN
265 379 496 418 LUCIDA
513 379 734 418 STELLA
749 386 809 424 V,
826 380 1316 419 PRAEMEMORATIS
1334 381 1687 427 QUINDECIM

213 441 843 481 CONSIDERATIONIBUS
861 442 1366 485 EXPLORATARUM.
1384 443 1661 481 SINGULIS

464 504 550 542 AD
568 504 759 542 FINEM
776 504 931 542 ANNI
948 504 1041 542 1585
1058 504 1407 543 ADAPTATIS.

467 610 630 636 MENSES
1101 611 1264 636 MENSES

223 681 238 712 Ῑ
292 680 374 712 1582
427 680 610 712 Februar.
737 680 780 712 26
914 691 947 730 In
965 690 1013 716 his
1029 690 1127 716 tribus
1145 691 1232 716 nulla
1244 691 1283 716 est
1295 691 1434 717 adhibita

205 725 238 757 II
291 724 375 756 1582
427 724 556 765 Martij
737 725 780 756 20
912 726 1063 766 viceversa
1076 726 1200 752 collatio
1214 727 1263 766 sed
1275 727 1372 752 solum
1385 735 1434 753 oc—

186 770 237 801 111
291 769 375 801 1582
425 769 568 809 Aprilis
912 762 1013 788 eiduae
1023 762 1147 787 Obseru.
1158 762 1259 788 debite
1269 762 1434 788 verificatae

428 832 612 864 Februar.
1061 833 1259 873 Septemb.

428 876 557 917 Martij
1060 877 1259 917 Septemb.

428 921 557 962 Martij
1061 922 1260 962 Septemb.

429 966 558 1007 Martij
1062 967 1259 1007 Septemb.

429 1011 618 1043 Decemb.
1062 1012 1252 1043 Decemb.

429 1055 618 1087 Decemb.
1063 1056 1258 1088 Nouemb.

429 1100 598 1140 Ianuarij
1062 1101 1252 1132 Decemb.

430 1144 598 1185 Ianuarij
1062 1145 1243 1177 Ocstobris

427 1189 584 1230 Augusti
1061 1190 1205 1230 Aprilis

428 1233 585 1274 Augusti
1062 1235 1204 1274 Aprilis

428 1278 585 1319 Augusti
1063 1279 1194 1320 Martij

428 1323 585 1364 Augusti
1062 1324 1205 1364 Aprilis

1598 834 1621 1355 000000000000
1598 682 1618 802 000

166 1414 230 1452 Ex
250 1413 319 1452 his
336 1413 435 1452 satis
451 1419 633 1462 apparet
648 1417 938 1463 perexiguum
954 1416 1031 1453 esse
1048 1417 1251 1453 omnium
1267 1415 1429 1453 horum
1445 1415 1685 1457 discrimen.
1707 1421 1767 1453 vt-

113 1472 212 1516 pote
229 1467 348 1516 quod
364 1469 437 1506 vix
453 1467 685 1506 dimidium
701 1470 924 1507 minutum
941 1469 1133 1513 excedat,
1156 1474 1198 1506 vt
1219 1469 1403 1507 dubium
1422 1469 1595 1507 nullum
1612 1469 1767 1507 restare

113 1521 304 1570 amplius
324 1522 453 1570 possit,
474 1521 717 1560 admodum
739 1528 965 1560 accuratas
983 1528 1115 1570 atque
1132 1522 1359 1571 diligentes
1376 1524 1547 1560 extitisse
1564 1523 1645 1560 has
1662 1524 1768 1560 Ani-

113 1574 456 1614 maduerfiones:
474 1575 634 1623 quibus
645 1580 738 1614 tuto
751 1577 856 1614 citra
867 1576 1007 1614 vllum
1024 1588 1229 1619 errorem,
1248 1578 1321 1623 qui
1337 1576 1525 1614 senfibus
1537 1576 1583 1614 fit
1594 1588 1768 1623 percep-

46 1637 79 1663 25
113 1627 255 1673 tibilis,
278 1628 464 1667 fundare
485 1628 737 1667 Affixarum
760 1629 1072 1667 restitutionem
1096 1630 1235 1667 liceat.
1260 1630 1314 1667 Vt
1334 1632 1492 1668 mirari·
1506 1632 1650 1677 potius
1672 1632 1769 1677 quis

115 1682 233 1730 possit
257 1682 313 1720 ad
337 1687 506 1720 tantam
530 1682 831 1730 praecisionem
857 1695 1054 1730 vnquam
1079 1685 1311 1731 peruenire
1337 1684 1488 1721 datum
1515 1684 1603 1727 esse,
1634 1695 1769 1730 quam

116 1735 233 1783 quod
249 1735 526 1783 aliquantula
541 1738 587 1774 in
603 1738 755 1783 paucis
771 1736 969 1774 secundis
986 1737 1284 1784 discrepantia,
1307 1749 1407 1784 quae
1424 1737 1588 1774 nullius
1606 1737 1660 1774 est
1677 1748 1768 1774 mo-

115 1791 263 1834 menti,
283 1791 450 1827 menti0
470 1789 557 1827 fiat.
579 1789 979 1828 Verumenimuero
995 1796 1039 1828 vt
1056 1790 1093 1828 &
1110 1792 1154 1827 in
1172 1790 1240 1828 his
1256 1791 1407 1837 aliqua
1423 1793 1708 1832 conueniens.
1731 1790 1768 1827 &

116 1842 222 1880 iusta
229 1842 431 1881 limitatio
441 1843 734 1887 constituatur,
748 1842 967 1881 rec‘tissime
978 1843 1221 1887 fecerimus,
1235 1843 1263 1881 fi
1273 1843 1582 1881 Ascenfionem
1593 1843 1768 1882 Rediam

48 1903 81 1930 ³0
115 1894 353 1943 saepedic'tae
370 1896 548 1934 Lucidae
567 1903 627 1940 V,
649 1897 770 1944 quasi
790 1897 859 1934 his
876 1898 1082 1935 omnibus
1098 1898 1405 1935 intermediam
1422 1899 1467 1935 in
1484 1897 1602 1935 hunc
1620 1899 1694 1944 qui
1711 1897 1768 1935 se-

117 1951 262 1997 quitur
276 1949 460 1988 modum
477 1949 837 1988 constituerimus.
855 1947 869 2000 ΙΙ

39 2040 99 2073 194
117 2037 455 2077 VERIFICATA
470 2039 508 2077 &
522 2038 864 2077 SUBTILITER
882 2039 1159 2077 LIMITATA
1176 2039 1412 2077 STELLAE
1429 2039 1769 2078 LUCIDIORIS

174 2099 360 2139 SUPRA
377 2101 577 2140 CAPUT
595 2107 655 2145 V,
674 2101 936 2140 NUMERO
953 2101 1182 2139 TERTIAE
1198 2102 1491 2140 ASCENSIO
1510 2102 1715 2144 RECTA‚

287 2163 374 2201 AD
391 2163 625 2202 ANNUM
643 2163 737 2202 1585
755 2163 1150 2207 COMPLETUM,
1169 2164 1312 2210 QUAE
1332 2164 1592 2202 CAETERIS

50 2233 82 2260 35
436 2225 714 2264 OMNIBUS
730 2226 1222 2265 FUNDAMENTUM
1239 2226 1448 2265 PONET.

710 2295 754 2326 G.
921 2295 972 2326 M.
1139 2296 1174 2326 S.

703 2340 756 2371 26.
930 2340 950 2371 O
1126 2340 1179 2371 30.

214 2393 533 2433 OLLOCATO
559 2397 605 2432 in
628 2395 794 2433 Lucida
818 2395 947 2443 supra
972 2395 1118 2443 Caput
1143 2401 1202 2438 V.
1230 2395 1349 2442 quasi
1373 2396 1589 2443 Angulari
1613 2395 1769 2442 lapide,

226 2447 498 2495 reliquarum
513 2448 766 2486 Asfixarum
782 2448 1030 2491 Stellarum.
1048 2455 1262 2496 quotquot
1279 2449 1464 2490 libuerit.
1482 2449 1584 2486 hinc
1602 2448 1769 2495 disposi-

52 2509 85 2534 4ο
119 2500 282 2538 tionem
302 2506 568 2545 mutuemus,
589 2507 720 2549 vtque
742 2502 841 2540 ideo
858 2505 1176 2550 competentius
1193 2502 1453 2549 solidiusque
1470 2502 1557 2543 fiat.
1579 2503 1769 2548 primum

1695 2565 1770 2600 per
