2164 3246
414 198 1074 238 PROGYMNASMATUM
1097 200 1300 238 PRIMA
1322 201 1473 240 PARS
1706 202 1773 241 183

173 304 267 342 Post
287 305 523 343 Meridiem
546 305 751 352 deinceps
772 305 882 342 Hor.
900 306 936 343 5.
959 305 1022 343 Μ.
1040 307 1091 344 4Ο
1114 307 1292 345 distabat
1340 319 1379 362 D
1731 321 1770 364 E

120 357 271 396 Venus
287 370 314 396 a
328 357 557 406 saepedicta
572 358 739 396 Lucida
752 364 798 397 V
811 358 854 396 P.
866 359 930 397 49.
944 358 1057 406 1142.
1076 359 1173 398 Fuit
1189 367 1291 398 tunc

120 411 370 450 Declinatio
385 415 411 455 Q
426 412 469 450 P.
481 412 517 450 5.
532 410 557 459 l.
570 412 617 452 8}
629 411 894 449 Meridiana.
910 412 1108 450 Altitudo
1120 413 1172 451 20
1183 421 1290 460 part.
1329 398 1368 446 Β
1382 336 1728 485 q

120 464 400 513 Quapropter
423 477 524 503 cum
546 465 797 503 Declinatio
821 465 999 503 Lucidae
1023 472 1068 505 V
1091 466 1136 504 fit
1158 469 1291 504 etiam

36 524 96 557 179
120 521 292 567 cogm'ta
312 524 420 566 part.
441 518 494 556 21.
516 520 622 556 min.
643 518 729 562 28⁷1,
751 514 765 568 ΙΙ
787 517 1050 557 Differentia
1070 519 1290 558 Ascenfio-

119 572 234 610 nalis
253 572 388 610 latere
409 583 501 610 non
521 571 665 620 potest.
688 571 738 609 In
753 571 994 620 Triangulo
1015 575 1133 610 enim
1149 574 1290 617 ABC,

119 637 173 664 ex
189 625 300 664 datis
316 625 399 663 BA
415 631 523 673 part.
540 625 602 664 95.
622 623 648 673 l.
665 625 724 669 83,
743 636 820 673 per
836 625 1193 664 Declinationem
1209 627 1290 665 Ve-

119 681 236 718 neris
251 679 307 718 ad
323 679 616 727 quadrantem
632 678 839 722 additam,
857 690 958 717 cum
975 682 1068 717 eius
1086 680 1290 718 Declina-

118 734 179 771 tio
201 731 248 770 fit
267 732 491 771 Australis.
517 732 615 777 CA,
638 738 746 780 part.
764 732 826 771 68.
846 730 871 780 l.
891 732 966 777 313,
990 744 1066 780 per
1086 733 1290 781 Comple-

53 797 84 823 ιο
119 791 318 824 mentum
335 786 656 824 Declinationis
677 786 854 824 Lucidae
873 792 934 830 V,
952 786 990 824 8(
1006 786 1086 825 BC
1102 794 1209 835 part.
1227 788 1289 825 49.

119 841 224 878 min.
240 839 316 883 1423,
338 839 457 887 quod
477 839 724 877 distantiam
743 839 1034 887 repraesentat.
1057 840 1183 878 quta
1198 840 1290 878 Tri-

119 892 305 941 angulos
325 894 533 931 inuentus
552 892 607 931 est
623 892 827 941 Angulus
843 893 971 931 BAC
987 900 1094 941 part.
1111 894 1175 931 42.
1194 893 1219 941 l.
1237 894 1289 932 16.

121 944 164 995 ll.
180 946 244 991 34,
266 945 526 985 mensurans
548 945 841 984 differentiam
857 946 1131 985 Ascenfionis
1148 946 1290 986 Redtae
1536 965 1577 1010 Α

119 999 303 1039 Veneris
315 999 353 1038 8(
364 999 543 1038 Lucidae
558 1005 618 1040 V.
636 1000 926 1038 Interuallum
936 1000 1168 1048 Temporis
1179 1003 1291 1039 inter

51 1064 81 1090 15
116 1053 232 1092 hanc
253 1053 619 1092 obseruationem
640 1053 837 1097 Veneris,
859 1053 898 1091 8(
918 1053 1103 1092 alteram
1124 1066 1150 1092 a
1171 1054 1271 1093 Sole
1292 1055 1462 1099 factam,
1488 1063 1579 1095 erat
1600 1057 1710 1095 Hor.
1733 1058 1768 1096 3.

117 1106 180 1145 M.
203 1107 257 1152 19,
281 1106 440 1155 quibus
463 1107 516 1145 de
538 1112 663 1145 motu
686 1107 845 1145 diurno
872 1110 899 1150 Ω
924 1108 980 1146 ad
1000 1107 1291 1155 AEquatorem
1316 1108 1340 1157 l.
1365 1110 1405 1147 41
1429 1110 1644 1154 existente,
1669 1123 1768 1149 con-

116 1166 276 1209 gruunt
295 1161 681 1208 proportionaliter
703 1159 728 1208 Ι.
747 1161 784 1199 5.
808 1159 851 1208 ll.
871 1161 934 1205 39,
956 1160 1115 1208 quibus
1133 1161 1208 1199 As-
1465 1185 1518 1236 Α

117 1213 307 1253 cenfioni
322 1214 507 1252 Veneris
523 1225 550 1252 a
566 1213 666 1252 Sole
683 1214 902 1262 indagatae
922 1213 1092 1259 iunctis,
1111 1227 1208 1263 pro—

117 1268 176 1306 dit
191 1267 394 1306 Ascenfio
410 1265 542 1306 Recta
557 1267 742 1305 Veneris
762 1267 866 1305 huic
881 1267 1091 1316 Tempori
1108 1280 1208 1306 con-

48 1331 82 1357 κο
117 1323 302 1360 uem'ens
317 1326 426 1369 part.
443 1320 533 1359 343.
549 1323 655 1359 min.
667 1321 731 1359 46.
751 1319 794 1369 ll.
807 1321 870 1359 22.
887 1322 1090 1360 Addatur
1106 1322 1208 1360 huic

116 1373 362 1414 differentia
377 1374 652 1413 Ascenfionis
676 1376 770 1412 eius
791 1386 818 1413 a
839 1374 1006 1413 Lucida
1024 1381 1069 1415 V
1088 1378 1208 1423 prius

115 1427 330 1476 inquifita,
350 1430 556 1476 prouenit
573 1427 777 1466 Ascenfio
798 1427 928 1467 Redta
949 1428 1127 1467 Lucidae
1147 1435 1207 1472 V,

116 1486 222 1530 part.
247 1481 311 1520 26.
339 1480 365 1530 l.
388 1481 425 1520 2.
453 1480 497 1530 ll.
524 1482 586 1520 56.
614 1481 728 1528 Quae
753 1488 798 1520 vt
822 1482 878 1520 ad
903 1483 1089 1520 Annum
1114 1483 1207 1521 1585

116 1535 383 1584 completum
398 1535 644 1579 reducatur,
661 1534 864 1574 subtrahe
881 1547 960 1583 pro
972 1547 1060 1574 vno
1073 1537 1207 1574 Anno

48 1597 81 1624 2⁵
118 1587 161 1638 ΙΙ.
170 1588 212 1628 51
224 1589 280 1628 ab
294 1600 359 1634 ea,
375 1595 663 1636 remanetque
672 1588 875 1627 Ascenfio
886 1588 1016 1628 Redta
1025 1597 1132 1637 part.
1143 1590 1206 1628 26.

116 1642 264 1681 min.2.
274 1641 317 1691 ll.
325 1643 362 1687 5,
375 1641 576 1690 dictoque
586 1643 722 1680 Anno
732 1645 1005 1681 conueniens
1015 1643 1206 1690 quaefita.
1259 1648 1294 1689 C

168 1696 346 1735 ANNO
357 1696 464 1741 1588,
482 1695 567 1734 Die
579 1696 604 1734 6
616 1695 873 1734 Decembris
885 1697 939 1734 A.
952 1696 1015 1734 M.
1029 1697 1140 1734 Hor.
1153 1697 1205 1734 10.

117 1749 180 1788 M.
201 1749 264 1795 30,
291 1749 372 1789 fuit
399 1749 598 1788 distantia
622 1752 734 1788 inter
759 1749 908 1788 Solem
929 1750 967 1788 8(
988 1750 1206 1788 Venerem

117 1815 175 1863 D
368 1817 420 1871 E
459 1809 567 1851 part.
584 1803 647 1841 46.
667 1802 794 1851 1573.
821 1803 1019 1842 Altitudo
1045 1803 1157 1842 Solis
1183 1804 1207 1842 8
1290 1706 1574 1913 k
1728 1852 1758 1891 Ε

50 1864 84 1891 3ο
459 1857 756 1904 part.Veneris
766 1857 824 1897 19}
837 1857 1206 1904 part.Declinatio
1245 1862 1280 1904 D

461 1909 653 1948 eiusdem
676 1910 718 1948 P.
740 1910 782 1948 ll.
805 1909 831 1958 l.
853 1910 915 1950 211}
939 1910 1097 1948 Merid.
1125 1911 1205 1948 Lo-

121 1949 166 2003 C
374 1962 420 2011 B
461 1975 536 2002 cus
553 1963 666 2002 Solis
682 1970 789 2012 part.
807 1964 869 2002 24.
889 1963 914 2011 l.
932 1965 994 2002 45.
1014 1963 1057 2011 ll.
1075 1964 1125 2002 23
1149 1969 1204 2006 ξ’.
1678 1958 1708 1996 B

460 2016 664 2055 Ascenfio
685 2016 816 2055 Recta
836 2024 943 2065 part.
961 2017 1050 2055 264.
1070 2016 1095 2065 l.
1113 2018 1164 2056 17.
1186 2017 1228 2066 ll.
1246 2019 1282 2057 Ο.
1305 2019 1555 2057 Declinatio
1577 2026 1683 2066 part.
1706 2019 1768 2057 23.

460 2073 565 2109 min.
578 2071 649 2110 242³
669 2071 827 2109 Merid.
846 2071 910 2108 Ex
927 2071 1029 2109 data
1046 2073 1194 2119 itaque
1211 2072 1410 2110 distantia
1422 2073 1605 2111 Veneris
1618 2084 1643 2110 a
1657 2072 1769 2116 Sole,

51 2131 84 2158 35
461 2123 500 2162 &
522 2124 743 2172 vtriusque
768 2124 1077 2162 Declinatione
1101 2127 1190 2163 iam
1214 2128 1399 2174 cognita,
1426 2125 1672 2164 differentia
1695 2126 1769 2163 As-

461 2177 720 2216 cenfionalis
737 2177 820 2216 hac
837 2180 1008 2216 ratione
1025 2181 1175 2225 patuit.

515 2230 576 2270 Sit
597 2233 643 2269 in
663 2231 747 2269 hac
764 2231 923 2279 Figura
939 2232 979 2269 A
996 2231 1128 2269 Polus
1145 2232 1369 2270 Australis.
1392 2233 1425 2270 B
1443 2233 1606 2270 Venus.
1630 2233 1666 2271 C
1683 2233 1768 2271 Sol.

462 2284 546 2322 DE
573 2286 716 2332 portio
741 2284 997 2332 AEquatoris
1025 2286 1080 2323 ad
1109 2297 1244 2333 quam
1270 2297 1346 2333 per
1371 2286 1469 2324 loca
1497 2288 1539 2330 G]
1570 2286 1607 2323 8(
1637 2290 1661 2328 Q
1694 2287 1769 2324 du-

461 2344 616 2376 cantur
637 2338 904 2385 quadrantes
926 2338 1092 2377 Circuli
1115 2350 1141 2377 a
1161 2339 1268 2377 Polo
1289 2339 1478 2377 Australi
1502 2340 1591 2377 DA
1615 2339 1651 2376 &
1674 2340 1768 2377 DE.

51 2397 84 2424 ⁴⁰
461 2391 556 2429 Iam
572 2393 617 2429 in
633 2391 875 2440 Triangulo
897 2392 1038 2436 ΒΑΕ,
1061 2394 1166 2439 quia
1188 2393 1321 2430 Latus
1343 2393 1424 2430 BA
1447 2393 1501 2431 est
1523 2393 1768 2440 Complem.

462 2444 784 2483 Declinatiom's
804 2448 829 2488 Q
849 2446 905 2483 ad
922 2445 1079 2483 Polum
1093 2446 1340 2484 Australem
1357 2454 1463 2493 part.
1482 2446 1544 2484 78.
1562 2449 1666 2483 min.
1684 2446 1767 2485 383.

462 2498 595 2536 Latus
622 2498 707 2536 CA
734 2498 789 2536 est
814 2498 1205 2546 Complementum
1231 2499 1550 2538 Declinationis
1577 2499 1688 2537 Solis
1715 2500 1768 2536 ad

1578 2553 1767 2589 eundem
