2326 3277
483 243 532 280 38
856 236 1310 276 ASTRONOMIAE
1330 233 1752 273 INSTAURATAE

481 358 572 390 nos,
596 345 837 387 satisfaciet;
862 355 940 381 nec
964 345 1082 381 enim
1102 345 1269 380 interea
1288 347 1409 379 tanta
1429 343 1475 378 in
1495 352 1615 378 anno
1635 340 1823 387 Tropico
1845 340 2124 387 inaequalitas

480 399 668 437 incidere
686 399 852 445 poterit,
875 408 974 443 quae
995 395 1187 433 nostrum
1207 394 1474 442 propositum
1495 393 1734 431 conturbet.
1756 393 1920 431 Idcirco
1940 393 2012 431 hic
2032 405 2124 431 non

480 459 649 489 vtemur
662 462 781 488 anno
796 450 879 487 hoc
891 449 1081 491 Sidereo,
1099 450 1173 495 qui
1185 448 1470 495 praecessionis
1481 445 1865 494 AEquinoffiorum
1877 448 2124 485 intricatam

479 507 694 542 rationem
710 515 797 541 vna
814 502 1094 540 enodandam
1110 503 1252 548 exigit,
1269 501 1387 548 quod
1404 500 1487 538 hoc
1503 500 1601 538 loco
1617 501 1749 537 nimis
1764 499 1985 547 prolixum
2001 499 2123 543 foret,

479 557 516 594 &
538 557 636 604 plus
659 556 765 594 iusto
787 562 908 593 extra
928 554 1191 602 propofitam
1211 556 1442 592 materiam
1463 565 1544 591 nos
1565 553 1763 600 diuagari
1783 552 1954 591 faceret.
1975 553 2124 591 Potius

477 613 623 657 itaque
635 610 768 647 Anno
781 607 1093 656 AEquinoc'tiali
1105 607 1192 645 siue
1204 607 1391 654 Tropico
1408 607 1463 644 ad
1480 606 1575 644 haec
1589 606 1679 654 ipsa
1689 611 1890 653 tempora
1900 605 2124 644 verificato

477 665 667 701 contenti
682 665 856 705 erimus,
874 673 1006 709 quem
1019 673 1071 699 ex
1084 660 1474 699 obseruationibus
1486 658 1705 698 doe'tissimi
1716 659 1809 696 Viri
1821 659 2124 697 BERNARDI

477 715 791 753 WALTHERI
818 714 1157 762 Noribergenlis,
1187 716 1403 752 memoria
1427 718 1651 761 perpetua.
1681 712 1900 760 laudeque
1925 714 2124 760 inprimis

478 769 606 816 digni,
628 768 949 816 praestantissimi
970 768 1086 805 illius
1106 766 1584 805 REGIOMONTANI
1601 765 1808 813 discipuli,
1829 771 1929 804 ante
1948 771 2124 804 centum

478 834 619 860 annos
630 822 885 869 Noribergae
897 824 943 858 in
955 821 1066 859 Solis
1078 821 1332 858 meridianis
1339 820 1654 858 Altitudinibus
1667 818 1894 866 acquifitis‚
1907 818 2124 867 seligendo

478 875 770 923 diligentiores
792 877 885 912 eius
906 873 1321 917 animaduersiones,
1345 873 1743 921 peruestigabimus‚
1763 874 1810 910 in
1830 872 1949 910 hunc
1970 874 2046 920 qui
2065 872 2123 910 se-

479 931 625 975 quitur
640 928 835 966 modum.

530 982 645 1019 Ante
662 983 812 1019 omnia
824 986 867 1019 vt
878 981 972 1018 Poli
983 980 1273 1018 Altitudinem
1289 982 1334 1017 in
1351 980 1509 1018 celebri
1523 978 1909 1027 Noribergenfium
1920 979 2036 1023 vrbe,
2053 979 2124 1017 vbi

479 1033 615 1073 dic‘tus
625 1034 880 1072 Waltherus
892 1036 1010 1077 vixit,
1026 1033 1206 1080 suasque
1220 1033 1558 1071 Obseruationes
1571 1033 1769 1076 obtinuit,
1786 1034 2005 1080 cognitam
2015 1044 2124 1080 prae·

479 1087 558 1125 eise
575 1087 830 1129 habeamus,
852 1088 1081 1125 necessario
1098 1088 1347 1134 requiritur:
1369 1087 1412 1124 id
1429 1086 1547 1133 quod
1564 1097 1617 1124 ex
1632 1085 1730 1133 ipfis
1745 1085 2064 1124 Waltherianis
2080 1088 2125 1124 in

478 1146 660 1187 vtroque
677 1140 861 1178 Solstitio
877 1140 1194 1178 Altitudinibus
1209 1139 1465 1178 meridianis
1486 1139 1723 1187 praesertim
1740 1138 2124 1183 emendatioribus,

478 1194 560 1231 hac
576 1193 785 1241 peculiari
802 1193 1010 1231 methodo
1027 1194 1308 1240 assequemur.

531 1247 713 1285 Collatis
725 1249 917 1284 inuicem
927 1246 964 1284 8(
975 1249 1236 1284 examinatis
1246 1246 1452 1284 omnibus
1459 1246 1834 1284 Annotationibus
1842 1245 2125 1284 Chordarum

477 1300 685 1338 distantiae
702 1312 728 1338 a
744 1302 915 1343 vertice,
937 1311 1048 1347 quas
1069 1300 1185 1338 idem
1200 1299 1458 1338 Waltherus
1478 1299 1646 1346 aliquot
1667 1301 1885 1337 continuis
1903 1301 2032 1337 annis
2047 1298 2125 1337 suo

477 1365 577 1391 aeuo
594 1353 849 1401 Noribergae
867 1353 1096 1391 demensus
1113 1353 1180 1397 est,
1197 1350 1415 1403 in-ssuenio
1429 1355 1475 1390 in
1487 1352 1672 1391 Solstitio
1684 1352 1850 1391 AEftiuo
1866 1352 1982 1390 fuisse
1997 1354 2124 1390 mini-

476 1418 596 1444 mam
616 1418 642 1444 a
662 1409 820 1444 vertice
844 1409 1148 1450 remotionem,
1171 1407 1401 1444 limitando
1424 1408 1670 1454 praecipuas
1693 1405 2046 1450 obseruationes,
2069 1406 2125 1444 ad

478 1459 704 1497 Chordam
720 1460 862 1503 44884,
879 1465 923 1497 vt
938 1459 1054 1497 finus
1069 1465 1185 1498 totus
1202 1460 1365 1498 100000:
1384 1462 1454 1498 cui
1470 1459 1697 1507 respondet
1708 1460 1851 1497 Arcus
1867 1459 1909 1497 P.
1922 1459 1985 1498 25.
2000 1457 2025 1506 Ι.
2037 1459 2123 1503 56ιῑ,

476 1513 720 1551 distantiam
736 1513 848 1551 Solis
864 1525 890 1551 a
906 1512 1065 1551 Zenith
1077 1513 1244 1561 Capitis
1260 1513 1395 1551 visam
1411 1512 1703 1556 manifestans.
1720 1512 1853 1550 huius
1869 1524 1974 1550 vero
1992 1512 2124 1551 Com-

475 1566 746 1613 plementum
758 1566 812 1604 ad
826 1566 1130 1612 Quadrantem
1142 1567 1197 1604 est
1209 1566 1298 1614 ipsa
1310 1566 1508 1604 Altitudo
1520 1566 1633 1605 Solis
1645 1577 1875 1614 apparens,
1892 1566 1935 1604 P.
1948 1566 2011 1604 64.
2026 1564 2123 1613 135,

476 1621 544 1657 cui
567 1619 596 1656 fi
619 1619 805 1657 addatur
828 1619 1068 1658 Parallaxis
1092 1622 1186 1658 eius
1210 1622 1255 1657 in
1278 1620 1352 1658 ista
1377 1619 1636 1658 sublimitate
1663 1621 1919 1667 contingens
1943 1621 2050 1657 min.
2074 1620 2123 1663 Η,

475 1673 661 1719 prodibit
676 1684 780 1711 vera
797 1673 997 1711 Eleuatio
1014 1676 1210 1711 maxima
1226 1673 1394 1721 Solstitij
1414 1673 1567 1711 AEstiui
1583 1673 1841 1720 Noribergae
1857 1678 1964 1720 part.
1981 1673 2044 1711 64.
2061 1671 2087 1720 l.
2099 1673 2123 1711 5

475 1725 665 1773 praecise:
688 1726 755 1764 Sic
776 1728 821 1764 in
842 1728 1027 1765 minima
1043 1727 1285 1765 Altitudine
1303 1727 1500 1765 Brumali
1522 1726 1576 1764 est
1593 1726 1774 1764 Chorda
1795 1726 1946 1769 118800,
1968 1728 2038 1764 cui
2059 1737 2122 1764 re·

475 1779 653 1826 spondet
669 1779 921 1818 Sublimitas
939 1779 1050 1818 Solis
1068 1780 1109 1818 P.
1128 1781 1180 1818 17.
1201 1779 1225 1827 l.
1243 1781 1278 1818 7.
1299 1778 1341 1827 ll.
1359 1780 1395 1822 2,
1417 1780 1565 1818 addita
1580 1791 1685 1817 vero
1702 1779 1933 1821 Parallaxi,
1951 1791 2052 1827 quae
2068 1779 2123 1818 est

478 1831 502 1879 l.
520 1832 555 1869 2.
575 1831 617 1879 ll.
635 1833 697 1871 58.
720 1833 866 1871 euadit
888 1834 1042 1871 eadem
1059 1833 1101 1871 P.
1120 1834 1172 1871 17.
1192 1832 1216 1880 l.
1235 1833 1288 1871 10.
1311 1833 1374 1871 Ex
1395 1833 1463 1871 his
1484 1834 1594 1871 datis
1611 1833 1929 1871 Altitudinibus
1948 1835 1994 1871 in
2010 1838 2122 1871 vtro-

477 1897 560 1932 que
573 1885 769 1928 Solstitio,
788 1886 880 1924 Poli
892 1886 1220 1934 Noribergenfis
1235 1887 1436 1924 Eleuatio
1452 1886 1820 1934 depraehenditur,
1838 1885 1866 1924 si
1883 1886 2124 1934 negligatur

476 1938 727 1981 Parallaxis,
745 1945 851 1986 part.
869 1940 931 1977 49.
949 1942 1102 1978 minut.
1120 1940 1189 1979 243
1209 1942 1421 1987 proxime,
1438 1952 1526 1978 vna
1542 1951 1642 1978 cum
1660 1939 1968 1978 Declinatione
1985 1939 2123 1988 Eclip-

475 1994 570 2029 ticae
583 1993 636 2030 ab
647 1992 887 2039 AEquatore
900 1996 1095 2031 maxima
1107 1999 1213 2041 part.
1227 1993 1289 2032 23.
1302 1996 1457 2031 minut.
1471 1993 1556 2035 283,
1571 1993 1730 2040 quibus
1742 1994 1858 2031 idem
1867 1993 2124 2031 Waltherus

476 2044 513 2082 8(
525 2047 618 2083 eius
635 2046 800 2092 aliquot
818 2046 1067 2084 successores
1083 2053 1296 2094 tanquam
1314 2045 1425 2085 recte
1442 2047 1482 2084 se
1499 2047 1761 2085 habentibus
1772 2046 1831 2084 vsi
1842 2046 1950 2088 sunt,
1967 2045 2124 2085 relictis

475 2098 800 2136 adhaerentibus
816 2099 1029 2141 secundis:
1047 2100 1242 2138 adhibita
1254 2112 1358 2138 vero
1371 2100 1604 2141 Parallaxi,
1621 2102 1850 2148 proueniet
1867 2111 1919 2138 ea
1936 2099 2026 2148 ipsa
2037 2099 2123 2138 De-

475 2151 651 2189 clinatio
668 2155 863 2190 maxima
880 2153 922 2190 Ρ.
940 2153 1002 2190 23.
1023 2152 1046 2199 Ι.
1065 2153 1150 2195 271..
1168 2153 1205 2191 8(
1223 2154 1421 2191 Altitudo
1438 2154 1530 2191 Poli
1547 2155 1625 2191 erit
1642 2159 1743 2191 tunc
1761 2153 1803 2191 P.
1816 2153 1878 2191 49.
1894 2152 1919 2200 Ι.
1932 2153 2017 2192 22ἂ.
2039 2153 2122 2192 Sed

475 2210 629 2242 neutra
651 2205 810 2243 harum
831 2208 1052 2244 rationum
1075 2205 1272 2244 exafflam
1294 2207 1386 2244 Poli
1408 2206 1736 2255 Noribergenfis
1757 2206 2026 2254 politionem,
2047 2213 2123 2245 aut

476 2260 606 2295 etiam
624 2258 977 2296 Declinationem
999 2262 1240 2297 maximam
1263 2260 1368 2298 iusto
1390 2261 1523 2298 modo
1544 2260 1797 2308 suppeditat,
1819 2260 1951 2307 idque
1972 2260 2027 2298 ob
2045 2259 2123 2298 Re-

475 2309 730 2349 fradtionem
748 2314 792 2349 in
811 2312 1006 2350 Brumali
1023 2313 1269 2351 decliuitate
1287 2313 1539 2361 negledlam.

528 2364 629 2402 Alia
647 2367 792 2412 itaque
810 2366 1142 2413 ingrediendum
1154 2368 1237 2407 via.
1254 2373 1297 2404 vt
1314 2373 1617 2414 praecaueatur
1631 2365 1915 2404 Refrad'tionis
1931 2366 2121 2405 obstacu-

475 2417 578 2459 lum.
596 2429 695 2464 quae
714 2421 790 2456 erit
808 2418 1081 2456 eiuscemodi.
1102 2419 1179 2456 Per
1197 2419 1482 2458 Instrumenta
1496 2420 1754 2457 Illustrissimi
1768 2420 1977 2467 Principis
1988 2419 2121 2458 WIL-

476 2470 668 2508 HELMI
691 2471 922 2510 HASSIAE
944 2472 1365 2514 LANDTGRAVII,
1388 2473 1792 2511 Astronomicarum
1815 2484 1963 2511 rerum
1983 2472 2121 2511 excel·

475 2523 611 2561 lenter
627 2527 762 2571 gnari,
782 2531 821 2562 et
839 2526 893 2563 ob
911 2537 1063 2562 earum
1081 2529 1404 2572 promotionem
1422 2538 1511 2574 prae
1529 2527 1627 2574 alijs
1644 2527 1833 2574 Europae
1851 2526 2122 2574 Principibus

1999 2591 2120 2618 omni

2165 825 2196 850 10

2166 1091 2196 1117 15

2158 1357 2200 1389 46

2162 1466 2182 1497 †

2162 1626 2196 1651 25

2162 1893 2196 1919 ³0

2161 2160 2194 2186 ³5
