2243 3225
390 203 466 241 392
766 194 1220 236 ASTRONOMIAE
1242 191 1666 231 INSTAURATAE

442 307 636 344 Primum
652 306 798 350 itaque
815 305 860 340 in
877 302 1073 340 distantia
1087 313 1113 339 a
1125 300 1260 338 Terra
1276 299 1327 337 52
1345 297 1782 336 Semidiametrorum
1798 299 1920 335 iuxta
1936 308 2037 335 con·

389 360 495 397 finia
521 359 671 401 Lunae,
702 358 914 403 quoniam
939 354 1180 392 Parallaxis
1206 355 1251 390 in
1276 353 1463 390 minima
1488 350 1732 388 Altitudine
1762 352 1945 389 inuenta
1969 349 2037 394 est,

390 411 414 459 l.
433 412 494 450 58.
514 410 556 458 sl.
574 410 615 447 31
632 409 686 447 ad
704 409 996 446 Horizontem
1017 406 1172 445 nostrae
1189 405 1532 447 Obseruationis‚
1555 415 1608 442 ea
1628 403 1774 442 ablata
1790 405 1816 441 a
1832 403 2037 442 Declina-

388 467 505 502 tione
522 474 625 501 vera
642 462 846 509 relinquit
862 460 1009 505 visam,
1032 460 1074 498 P.
1091 459 1154 497 60.
1173 458 1198 507 l.
1216 458 1278 497 48.
1298 457 1341 506 ll.
1360 458 1414 495 14.
1435 458 1494 494 At
1514 458 1560 494 in
1578 457 1781 505 supremo
1798 457 2037 495 Meridiani

383 2161 459 2198 fitu
481 2167 570 2200 erat
590 2160 798 2209 Asped'tus
820 2163 1043 2201 diuerfitas
1066 2162 1090 2210 l.
1109 2164 1144 2202 6.
1164 2163 1206 2211 ll.
1225 2165 1287 2207 43,
1310 2176 1412 2212 quae
1434 2165 1582 2203 addita
1602 2164 1657 2203 ad
1679 2164 2035 2203 Declinationem
2071 2173 2087 2200 s

384 2214 695 2314 {xlggjaeleggllae
717 2227 880 2258 veram,
903 2228 925 2254 e
946 2216 1170 2264 superficie
1191 2217 1339 2256 Terrae
1362 2224 1648 2266 apparentem
1670 2218 1832 2257 indicat
1852 2224 1960 2266 part.
1980 2217 2034 2256 61.

438 2320 572 2358 Haud
590 2321 713 2358 aliter
730 2323 1006 2368 procedendo
1024 2325 1144 2362 iuxta
1157 2323 1322 2362 Solaris
1335 2324 1465 2363 Orbis
1477 2325 1788 2373 supremitates.
1805 2326 2035 2372 proueniet

385 2373 632 2411 Declinatio
651 2375 738 2412 visa
755 2386 890 2422 prope
908 2376 1107 2414 infimam
1124 2377 1414 2415 Altitudinem
1434 2378 1474 2416 P.
1492 2379 1546 2416 61.
1566 2377 1590 2425 l.
1605 2379 1667 2416 44.
1687 2377 1730 2426 ll.
1744 2379 1788 2416 11.
1806 2378 1876 2416 Ad
1892 2377 2035 2426 supre-

385 2437 503 2463 mam
520 2438 624 2464 vero
642 2427 682 2464 P.
699 2428 751 2465 61.
772 2427 796 2474 l.
811 2429 871 2466 47.
892 2427 933 2475 ll.
947 2429 982 2467 3.
1002 2430 1086 2467 His
1104 2442 1181 2477 pro
1199 2430 1488 2469 fundamento
1505 2430 1638 2473 iadiis.
1656 2431 1891 2470 Stellarum
1907 2433 2035 2469 inter·
2075 2439 2104 2466 ιο

384 2479 757 2526 capedines.iuxta
767 2482 1506 2532 earumAscenfionesRefflasatque
1516 2483 2036 2524 Declinationesenonris

1645 2537 2034 2577 obseruationibus
