2243 3225
409 214 485 252 384
783 205 1235 246 ASTRONOMIAE
1257 203 1679 242 INSTAURATAE

462 319 555 356 Nos
580 319 726 362 itaque
751 316 796 351 in
822 313 904 351 hac
930 312 1074 355 Stella,
1102 311 1358 349 adhibentes
1383 309 1531 347 Terrae
1557 309 1954 353 Semidiametrum,
1981 320 2051 347 ex-

408 373 625 419 periemur
637 374 780 405 vtrum
791 365 1040 404 Parallaxin
1052 364 1300 402 Lunaribus
1312 362 1482 401 sedibus
1494 362 1859 410 aequiparandam
1871 361 2051 401 exhibu-

409 426 497 467 erit,
515 434 602 470 quo
620 420 809 459 constare
826 419 955 466 possit,
972 430 1030 456 an
1046 420 1168 455 iuxta
1183 417 1298 455 hanc
1310 416 1379 454 vel
1395 415 1509 454 infra
1524 417 1570 453 in
1584 415 1851 454 Elementari
1863 415 2050 460 Mundo,

408 483 481 514 aut
498 487 600 513 vero
617 474 744 521 supra
760 475 804 510 in
818 472 1027 509 AEthereo
1044 472 1244 513 extiterit;
1260 470 1378 507 idem
1394 480 1571 516 quoque
1588 470 1634 506 in
1650 468 1792 507 Solari
1807 471 2051 507 remotione

407 528 727 570 attentabimus,
744 531 888 563 vtrum
905 524 942 562 &
959 524 1041 562 hac
1058 523 1281 561 sublimior
1297 522 1566 560 decliuiorue
1582 521 1723 560 fuerit.
1746 521 1867 568 Quin
1884 521 1922 559 ἃ
1938 524 2052 560 circa

407 583 649 620 altissimum
670 580 908 618 Saturnum
930 576 1114 624 idipsum
1135 578 1285 614 rimari
1306 587 1398 613 non
1417 574 1628 614 intactum
1649 575 1962 622 relinquemus.
1983 575 2052 614 Sic

407 637 524 673 enim
540 632 891 675 manifestabitur,
910 642 998 678 quo
1015 630 1111 667 loco
1129 629 1346 667 Diametri
1362 628 1597 673 Mundani,
1617 628 1953 667 Phaenomenon
1968 628 2052 667 hoc

406 687 637 735 repositum
653 685 791 723 fuerit.

459 741 538 778 Per
549 740 703 778 Stellas
719 740 857 786 igitur,
876 748 976 775 cum
990 736 1148 783 quibus
1160 735 1464 774 Meridianum
1479 735 1802 783 propemodum
1817 734 1992 784 tranfijt‚
2009 735 2051 773 id

407 794 523 842 quod
540 794 741 836 diximus,
759 802 875 829 nunc
891 790 1204 838 aggrediemur.

460 848 523 885 Ex
548 848 612 894 ijs,
638 857 738 893 quae
760 845 914 891 Capite
940 843 1223 881 antecedente
1249 844 1362 880 circa
1386 841 1726 880 obseruationes
1750 841 1883 880 huius
1906 841 2051 880 Stellae

406 899 712 942 recensuimus,
729 897 875 945 quoad
887 896 1106 934 distantias
1118 907 1144 934 a
1155 897 1309 933 vicinis
1322 895 1559 943 Cassiopeae
1571 895 1717 939 Astris,
1733 901 1862 943 patet,
1879 896 1906 933 a
1921 894 2050 934 Sche-

406 954 470 991 dir
491 964 590 991 cum
607 964 694 999 qua
710 951 844 988 ferme
862 950 1163 988 Meridianum
1179 948 1386 993 tranfiuit,
1407 949 1595 987 destitisse
1615 954 1723 996 part.
1740 949 1776 987 7.
1793 950 1947 986 minut.
1965 948 2049 989 5οὲ)

2092 801 2122 827 10

406 1008 446 1044 Α
470 1007 623 1053 Capite
646 1016 750 1042 vero
774 1003 964 1042 eiusdem
987 999 1002 1052 ΙΙ
1024 1008 1131 1050 part.
1149 1003 1202 1040 10.
1226 1001 1251 1050 l.
1268 1002 1331 1047 22,
1355 1014 1456 1040 cum
1479 1014 1568 1050 qua
1590 1002 1894 1040 Meridianum
1915 1002 2051 1050 paulo
2074 1009 2138 1041 416

403 1059 619 1107 praecifius
635 1057 918 1106 pertranfiuit.
937 1056 1328 1103 Quemadmodum
1345 1058 1477 1094 etiam
1489 1067 1590 1094 cum
1602 1055 1746 1094 Polari
1758 1055 1903 1100 Stella,
1920 1067 1947 1094 a
1963 1067 2051 1103 qua

403 1112 713 1151 remouebatur
729 1117 835 1159 part.
853 1110 915 1149 25.
935 1108 960 1158 l.
978 1111 1018 1148 14
1035 1109 1137 1148 fere.

456 1166 552 1204 Has
569 1171 717 1203 autern
733 1176 759 1202 a
774 1162 990 1211 praedictis
1002 1163 1144 1201 Stellis
1156 1162 1376 1201 distantias
1387 1162 1547 1210 vbique
1560 1164 1748 1207 retinuit,
1765 1168 1855 1201 tam
1871 1162 2051 1210 quando

403 1231 503 1257 cum
519 1219 602 1256 illis
615 1218 917 1256 Meridianum
928 1219 1050 1255 iuxta
1062 1216 1279 1254 Verticem
1295 1216 1423 1264 supra
1434 1216 1592 1254 Polum
1607 1215 1898 1263 percurrebat,
1916 1227 2051 1263 quam

403 1275 534 1311 etiam
545 1271 670 1315 infra,
684 1271 862 1318 quando
873 1270 1108 1308 Horizonti
1120 1271 1495 1317 appropinquaret
1505 1270 1697 1308 eundem
1705 1269 1853 1308 versus
1862 1269 2051 1308 Boream

402 1325 622 1368 transiens,
644 1325 844 1371 adeoque
866 1322 1014 1362 exacte
1036 1326 1081 1361 in
1099 1329 1283 1370 vtroque
1304 1323 1395 1367 fitu,
1417 1322 1590 1361 easdem
1610 1322 1958 1371 intercapedines
1979 1334 2050 1361 ex-

403 1379 626 1427 primebat,
643 1384 686 1416 vt
698 1378 842 1416 Stellae
859 1377 1104 1415 centraliter
1120 1377 1367 1421 collimatae,
1384 1382 1475 1414 tam
1491 1376 1562 1415 hic
1579 1388 1714 1424 quam
1726 1376 1812 1414 illic
1824 1387 2051 1415 cerneren-

402 1439 482 1475 tur,
509 1432 707 1479 nihilque
732 1431 905 1478 prorsus
930 1431 1028 1478 plus
1051 1430 1121 1468 vel
1145 1432 1293 1468 minus
1319 1430 1371 1468 de
1396 1429 1473 1468 sua
1495 1429 1649 1469 visibili
1674 1432 1915 1477 quantitate
1941 1432 2052 1468 inter

403 1485 730 1524 collineandum
746 1486 1005 1527 amitterent,
1025 1484 1305 1522 adderentue.
1323 1484 1466 1531 thue
1483 1486 1641 1522 certius
1658 1485 1753 1522 eius
1768 1485 1830 1521 rei
1846 1483 2051 1522 Testimo-

403 1542 526 1576 nium
547 1544 722 1586 pateret,
745 1549 888 1585 neque
906 1537 1180 1575 Instrumenti
1197 1539 1302 1575 vitio
1323 1537 1490 1584 aliquid
1512 1539 1670 1575 erroris
1686 1539 1811 1575 tacite
1828 1536 2050 1581 insinuari,

402 1592 581 1639 suspicio
604 1597 868 1635 moueretur,
893 1593 1051 1629 retinui
1075 1590 1186 1638 saepe
1209 1591 1400 1628 eundem
1421 1590 1696 1629 Instrumenti
1716 1590 1945 1638 Angulum
1966 1590 2050 1629 Co-

403 1645 536 1683 chleis
553 1647 769 1683 inuariate
786 1644 1010 1683 firmatum
1026 1644 1081 1682 ab
1097 1655 1185 1682 vno
1198 1644 1343 1682 Stellae
1359 1644 1538 1682 transitu
1550 1645 1576 1682 a
1588 1644 1842 1682 Meridiano
1857 1643 1989 1691 vsque
2007 1645 2051 1682 in

403 1699 600 1741 alterurn,
628 1699 665 1736 &
690 1698 742 1736 fic
768 1700 951 1736 immoto
977 1704 1262 1746 permanente
1286 1698 1464 1745 Angulo
1489 1697 1734 1736 distantiam
1759 1697 2050 1740 mensurante.

404 1753 589 1790 eandem
605 1752 777 1799 prorsus
793 1757 883 1789 tam
899 1751 1026 1799 supra
1043 1752 1178 1798 quam
1193 1751 1307 1789 infra
1323 1751 1480 1789 Polum
1496 1751 1730 1790 cernebam
1746 1750 1981 1790 Stellarum
1996 1750 2051 1789 ad

406 1808 596 1843 inuicem
616 1805 948 1852 dispofitionem,
970 1805 1007 1842 &
1029 1805 1312 1842 interuallum
1334 1804 1540 1852 exquisite
1557 1805 1690 1847 idem:
1712 1804 1844 1851 Quod
1860 1804 1962 1843 sane
1978 1815 2050 1842 ne-

407 1870 631 1906 quaquam
647 1858 741 1896 fieri
757 1860 896 1906 potuit
912 1858 941 1896 fi
957 1859 1031 1896 vlli
1043 1858 1113 1896 vel
1129 1860 1314 1896 minimo
1327 1858 1608 1896 Parallaxeos
1620 1858 1793 1906 vestigio
1806 1857 1941 1896 Noua
1956 1857 2051 1896 haec

407 1912 538 1950 Stella
554 1912 685 1949 fuisset
701 1912 905 1950 obnoxia.

460 1965 561 2011 Quo
571 1977 674 2003 vero
686 1967 898 2012 promtius
909 1965 1200 2013 cognoscatur,
1214 1965 1366 2012 quales
1376 1964 1643 2004 differentias
1653 1965 1952 2004 distantiarum
1960 1975 2051 2013 prae

407 2019 445 2056 se
462 2019 621 2061 tulisset,
639 2019 667 2056 fi
683 2021 880 2066 proxime
898 2018 1010 2056 infra
1023 2019 1186 2057 Orbem
1201 2019 1422 2057 Lunarem
1439 2025 1514 2057 aut
1531 2021 1662 2057 etiam
1679 2019 1816 2057 statim
1832 2018 1961 2066 supra
1976 2017 2051 2057 So-

407 2073 543 2110 larem
567 2073 628 2118 (in
650 2072 825 2110 Saturni
846 2072 1047 2119 suprema
1068 2072 1252 2119 Sphaera
1273 2071 1368 2110 haec
1389 2072 1484 2110 sunt
1505 2072 1781 2118 insensibilia)
1805 2071 2050 2115 constitiBet,

407 2126 620 2172 sequentis
642 2125 940 2163 Schematismi
964 2126 1228 2163 indicatione
1250 2125 1287 2163 &
1309 2126 1704 2168 Demonstratione,
1728 2126 1885 2164 exinde
1906 2127 1952 2163 in
1973 2136 2051 2163 nu-

409 2190 551 2216 meros
568 2179 764 2220 resoluta,
783 2179 823 2216 id
842 2179 1298 2226 experimentabimur.
1317 2176 1330 2229 ΙΙ

2091 1068 2120 1094 15

2088 1335 2121 1361 20

2088 1603 2120 1628 25

2088 2136 2120 2162 35

463 2232 509 2268 In
526 2232 607 2269 hac
621 2232 896 2279 Figuratione
914 2232 1190 2279 repraesentat
1203 2233 1236 2270 Β
1246 2232 1331 2270 CD
1341 2233 1374 2270 E
1387 2233 1702 2275 Meridianum,
1719 2232 1794 2271 sub
1806 2232 1958 2270 vltima
1970 2231 2051 2271 Oc·
2074 2237 2135 2270 417

409 2291 510 2322 taua
531 2285 712 2331 Sphaera
734 2286 1081 2332 concipiendum.
1104 2288 1228 2323 cuius
1249 2286 1463 2324 Centrum
1485 2286 1539 2324 est
1556 2288 1609 2328 Α,
1631 2287 1747 2324 idem
1768 2297 1868 2324 cum
1887 2285 2052 2324 Centro

409 2338 593 2375 vniuersi
619 2345 748 2385 atque
774 2339 934 2379 Terrae.
961 2351 1060 2385 quae
1086 2351 1161 2386 per
1188 2339 1376 2386 NOPQ,
1408 2342 1453 2377 in
1479 2340 1554 2378 suo
1579 2340 1746 2378 ambitu
1771 2339 2052 2387 intelligenda

410 2393 536 2428 venit.
563 2391 791 2429 Ducantur
815 2392 943 2429 lineae
966 2392 1288 2439 Orthogonales
1310 2405 1335 2431 a
1357 2393 1707 2431 circumferentia
1727 2393 1866 2431 vltimi
1888 2392 2051 2431 Circuli
2087 2402 2120 2429 4ο

410 2456 484 2491 per
510 2445 734 2486 Centrum,
766 2457 864 2491 quae
892 2445 967 2482 fint
994 2446 1124 2482 BAD
1151 2447 1413 2488 verticalem.
1447 2447 1567 2485 EAC
1594 2447 1887 2485 Horizontem
1913 2447 2051 2494 expri-

409 2504 591 2538 mentes:
617 2498 729 2534 Intra
752 2510 854 2534 vcro
878 2498 1175 2536 Meridianum
1195 2498 1377 2537 Offlauae
1394 2500 1590 2547 Sphaerae
1611 2500 1808 2538 trahatur
1829 2500 1942 2539 alius
1959 2499 2051 2538 Cir-

1915 2553 2050 2595 culus.
