2326 3277
487 250 537 287 40
860 243 1314 283 ASTRONOMIAE
1335 242 1756 282 INSTAURATAE

488 352 768 391 Refraclionis
790 351 849 397 (vt
866 349 1071 397 oportuit)
1093 349 1287 387 habuere
1309 351 1537 387 rationem.
1560 348 1681 395 Quin
1698 348 1736 386 8(
1751 351 1934 386 inuenio
1955 347 2128 387 doctissi·

485 418 607 444 mum
615 406 769 442 Virum
778 402 1083 441 ANDREAM
1095 402 1474 440 SCHONERVM
1485 404 1531 439 in
1544 401 1688 449 Opere
1700 401 1916 440 laborioso
1929 401 2128 440 Gnomo-

486 462 614 501 nices,
632 457 887 504 Noribergae
904 456 991 493 suae
1008 458 1160 503 patriae
1173 455 1467 493 Latitudinem
1479 455 1746 499 constituere,
1764 455 1806 493 P.
1818 455 1882 499 49,
1898 457 2052 493 minut.
2064 455 2128 500 27,

486 512 603 558 quod
619 513 747 547 vnico
768 510 911 547 adhuc
931 508 1132 555 scrupulo
1153 508 1342 546 nostram
1358 510 1663 546 inuentionem
1679 508 1857 546 excedit.
1875 508 2129 546 Verofimile

484 570 631 602 autem
644 563 698 601 eft
710 574 812 600 eum
824 574 846 600 e
859 562 1248 609 circumpolaribus
1258 561 1399 600 Stellis
1411 561 1525 599 hanc
1536 561 1762 605 deduxisse,
1773 562 1829 599 ad
1838 563 2129 599 imitationem
2166 570 2182 595 ⁵

485 619 577 654 eius
589 616 709 654 modi
721 627 853 663 quem
864 615 981 662 apud
994 615 1315 652 Illustrissimum
1326 615 1572 662 Principem
1582 614 1972 652 WILHELMVM
1989 614 2128 653 HAS·

484 670 591 708 SIAE
612 668 1097 707 LANDTGRAVIVM
1116 668 1295 711 viderat,
1317 670 1440 706 cuius
1462 670 1594 706 etiam
1614 670 1659 705 in
1679 666 1885 706 Tractatu
1905 668 1958 706 de
1979 667 2129 706 Lineae

484 722 747 760 Meridianae
763 724 1019 759 inuentione
1036 721 1198 759 ibidem
1214 723 1327 759 circa
1342 720 1478 759 finem
1494 719 1712 765 adiundto,
1729 723 2000 759 mentionem
2015 720 2128 759 facit.
2166 729 2187 760 †

485 775 615 822 Quod
633 787 738 813 vero
759 775 854 812 haec
870 774 1068 812 Altitudo
1088 775 1206 822 apud
1227 774 1366 822 ipsum
1386 786 1474 812 vno
1491 771 1505 824 ΙΙ
1522 776 1693 812 minuto
1714 786 1740 812 a
1761 774 1903 812 nostra
1923 774 2128 818 abundet,
2162 780 2205 812 49

483 829 525 866 id
542 828 815 866 Instrumenti
827 828 864 866 &
878 827 1205 866 Obseruationis
1216 830 1386 866 incuria
1397 827 1522 866 facile
1535 828 1730 865 accidere
1742 833 1923 875 poterat,
1940 838 2129 875 cumque
2170 835 2201 861 ιο

483 882 581 929 plus
601 882 760 919 habeat
781 893 915 928 quam
935 892 1016 919 nos
1038 880 1075 918 8(
1095 893 1380 928 nequaquam
1400 883 1560 925 minus,
1582 892 1634 918 eo
1651 883 1789 928 magis
1806 880 2036 919 confirmat
2052 892 2128 918 no-

483 935 610 973 stram
626 935 950 982 assignationem
967 934 1123 972 iustum
1139 936 1376 972 terminum
1392 946 1484 972 non
1501 934 1722 977 excedere,
1738 939 1831 972 vtut
1847 934 2037 972 aliorum
2052 945 2130 982 per

484 988 630 1026 Solem
653 990 834 1025 inuenta
857 987 1183 1034 aliquantulum
1205 987 1385 1034 superet.
1412 987 1505 1025 Poli
1528 989 1675 1034 itaque
1699 987 2007 1025 Eleuationem
2027 998 2129 1035 quae

484 1041 739 1088 Noribergae
761 1040 827 1083 est,
850 1040 1077 1078 sufficienti
1097 1040 1348 1087 praecifione
1369 1052 1396 1079 a
1416 1041 1542 1079 nobis
1562 1040 1615 1078 fic
1636 1040 1968 1088 peruestigatam
1987 1040 2128 1079 nulla-

482 1100 608 1131 tenus
625 1093 882 1135 haefitantes.
899 1105 1016 1131 nunc
1033 1094 1088 1131 ad
1099 1095 1348 1141 Apogaeum
1360 1094 1397 1131 8(
1410 1094 1783 1132 Eccentricitatem
1795 1094 1921 1137 Solis,
1938 1105 2129 1141 quorum
2170 1101 2200 1127 ¹⁵

483 1147 610 1185 causa
621 1146 735 1185 hanc
747 1146 1083 1194 perquifiuimus
1095 1158 1148 1184 ex
1159 1146 1549 1185 obseruationibus
1560 1145 1777 1195 praedic'tis
1789 1147 2000 1185 Bernardi
2006 1146 2128 1185 Wal-

481 1200 591 1238 theri
609 1200 850 1238 eruendam
866 1211 947 1237 nos
964 1199 1252 1238 conferemus.

534 1253 763 1300 Postquam
784 1253 1009 1301 diligenter
1029 1253 1359 1300 admodumque
1381 1252 1684 1302 circumspedie
1705 1254 2012 1292 examinassem
2030 1252 2129 1292 dieti

481 1306 691 1344 Bernardi
709 1306 911 1344 Chordas
928 1306 1226 1344 distantiarum
1242 1319 1268 1344 a
1283 1309 1455 1351 vertice,
1477 1309 1602 1345 certis
1619 1307 1783 1350 diebus,
1803 1307 1971 1355 aliquot
1986 1309 2128 1351 anniS,

480 1371 555 1407 per
567 1360 753 1407 Regulas
765 1359 1051 1397 Ptolemaicas
1063 1366 1273 1407 acceptas,
1291 1360 1422 1408 idque
1435 1366 1535 1398 ante
1547 1361 1785 1398 Annorum
1797 1360 2128 1404 Centenarium,
2166 1367 2200 1393 2⁰

480 1414 614 1450 Anno
634 1413 871 1460 praesertim
892 1412 1140 1455 CHRISTI.
1162 1413 1269 1457 1488,
1292 1413 1330 1451 8(
1350 1414 1518 1461 aliquot
1539 1414 1896 1452 antecedentibus
1916 1419 2047 1461 atque
2069 1413 2128 1452 se-

480 1467 728 1513 quentibus;
746 1466 1012 1504 conferendo
1028 1466 1227 1504 videlicet
1240 1466 1277 1504 8(
1289 1467 1519 1505 limitando
1531 1467 1725 1515 plurium
1737 1479 1959 1506 annorum
1970 1465 2128 1505 selecti·

480 1531 576 1557 ores
594 1519 949 1563 Obseruationes;
971 1522 1124 1558 inueni
1144 1520 1289 1568 elapso
1310 1521 1364 1559 ab
1385 1520 1488 1558 hinc
1507 1523 1674 1569 integro
1694 1520 1851 1560 Seculo
1871 1520 1987 1559 fuisse
2008 1519 2128 1559 diffe-

480 1575 665 1610 rentiam
685 1575 893 1620 temporis
909 1574 963 1611 ab
980 1574 1161 1621 ingressu
1177 1573 1290 1612 Solis
1305 1576 1350 1611 in
1367 1573 1700 1622 AEquinoc'tium
1716 1574 1915 1612 Vernum
1930 1573 2062 1621 vsque
2082 1576 2128 1612 in

479 1626 665 1663 alterum
677 1626 948 1664 Autumnale
966 1626 1020 1664 D.
1034 1627 1114 1670 186,
1127 1627 1185 1665 H.
1200 1628 1252 1665 17.
1267 1626 1292 1675 l.
1305 1627 1372 1670 40;
1389 1627 1444 1665 ab
1461 1630 1585 1665 initio
1599 1639 1703 1666 vero
1718 1633 1778 1671 V,
1795 1630 1840 1665 in
1856 1627 2053 1665 medium
2068 1630 2127 1672 ⁸0²,
2166 1635 2200 1660 2⁵

480 1677 696 1717 confeclos
718 1680 809 1717 dies
829 1680 891 1717 46.
910 1680 968 1717 H.
986 1680 1021 1718 3.
1041 1678 1066 1727 l.
1084 1680 1146 1718 35.
1169 1680 1384 1719 Praeterea
1401 1693 1427 1718 a
1442 1681 1674 1719 medietate
1696 1683 1734 1725 Ω
1757 1680 1888 1728 vsque
1909 1683 1955 1719 in
1971 1682 2127 1729 princi-

479 1734 601 1779 pium
626 1737 667 1775 g.
693 1733 746 1770 D.
765 1733 825 1771 46.
845 1733 903 1770 H.
921 1733 956 1771 8.
976 1732 1001 1780 l.
1019 1734 1081 1771 50.
1107 1734 1170 1771 Ex
1191 1733 1260 1771 his
1281 1735 1403 1777 datis,
1425 1735 1675 1782 Apogaeum
1696 1734 1734 1772 &
1755 1734 2128 1773 Eccentricitatem

479 1785 590 1823 Solis
603 1787 657 1824 ad
670 1798 838 1824 annum
850 1787 1178 1834 praeterlapsum
1190 1787 1483 1830 centesimum.
1501 1788 1656 1826 eadem
1669 1799 1757 1835 qua
1768 1794 1899 1826 antea
1909 1787 1969 1826 vfi
1979 1787 2128 1826 fumus

480 1841 823 1877 ratiocinationis
840 1840 1048 1878 methodo
1066 1841 1182 1888 (quae
1200 1840 1270 1878 hic
1287 1840 1646 1889 subintelligenda
1661 1841 1821 1888 vbique
1838 1840 1972 1887 venit)
1989 1840 2018 1879 fi
2033 1852 2127 1889 per-

481 1892 798 1939 quifiuerimus.
822 1894 1057 1941 prodibunt
1080 1896 1231 1932 omnia
1254 1906 1330 1942 per
1353 1894 1573 1932 calculum
1596 1894 1990 1933 Demonstrationis
2013 1905 2128 1932 com-
2167 1901 2201 1927 ³⁰

480 1952 674 1992 petenter
690 1945 880 1989 collecla,
897 1947 1031 1984 veluti
1046 1959 1163 1985 nunc
1178 1948 1342 1989 ordine.
1361 1947 1399 1985 8(
1415 1947 1677 1991 summatim,
1695 1948 1912 1996 prioribus
1924 1947 2129 1986 Schema·

480 1998 611 2036 tismis
628 1999 843 2042 adhibitis,
860 1999 1054 2047 sequenti
1071 2001 1342 2048 dispositione
1360 2004 1488 2039 vnico
1505 2003 1664 2039 intuitu
1681 2001 1819 2040 oculis
1835 2002 2009 2049 patebit.
2026 1997 2041 2051 ΙΙ

1987 2589 2129 2626 Arcus
