2243 3225
400 196 477 234 430
772 186 1225 228 ASTRONOMIAE
1246 185 1670 225 INSTAURATAE

399 300 555 338 circelli
577 308 751 345 quoque
771 297 943 333 minimi
963 293 1214 341 supremum
1234 294 1417 340 apicem,
1439 303 1594 330 earum
1609 291 1731 330 statio
1747 298 2041 331 remoueatur.

399 355 461 391 Ex
478 363 565 399 quo
582 357 729 388 autem
744 350 992 395 Apogaeum
1012 347 1119 384 illud
1137 345 1328 384 eiusdem
1344 347 1517 383 minimi
1534 345 1731 384 Orbiculi
1746 356 1800 383 ex
1816 343 2042 384 antedic‘tis

399 407 621 451 elongetur
644 403 788 440 semid.
814 401 961 438 Terrae
987 400 1126 438 12900:
1151 399 1253 437 sane
1278 400 1351 436 vix
1375 400 1556 446 propius
1582 397 1765 437 Od’tauae
1790 398 2042 438 Affixarum

398 458 590 505 Sphaerae
603 457 759 493 limites
771 454 915 492 Terris
927 453 1166 491 admouere
1179 452 1334 495 licebit,
1347 463 1482 499 quam
1493 453 1540 489 in
1551 451 1750 490 distantia
1761 451 1884 490 13000
1894 451 2041 491 semid.

397 512 543 549 Terrae
560 511 739 551 circiter;
760 513 804 545 vt
820 506 1146 554 aliquantulum
1161 508 1273 543 inter
1288 504 1369 543 has
1385 504 1424 543 &
1440 504 1617 543 Saturni
1635 507 1883 553 gyrationes
1898 504 2041 554 supre-
2077 520 2094 546 s

397 575 491 602 mas
508 563 651 610 (prout
668 561 910 599 condecens
927 559 999 605 est)
1015 558 1253 597 intercedat
1268 558 1407 606 spatij:
1430 569 1620 605 cumque
1637 557 1813 606 insuper
1827 560 2043 597 incertum

396 617 453 660 fit,
475 628 533 654 an
554 626 707 653 omnes
728 616 773 651 in
794 614 949 651 eodem
970 612 1072 650 hinc
1093 611 1322 659 aequaliter
1342 611 1521 650 distante
1538 611 1657 650 Orbe
1672 611 1821 656 abfint,
1841 611 1880 650 81
1899 611 2041 650 verili-

396 670 542 707 milius
558 669 767 710 videatur,
785 666 995 714 quasdam
1011 665 1153 708 altius,
1170 664 1410 703 nonnullas
1421 676 1527 703 vero
1543 676 1699 703 earum
1714 664 1940 710 decliuius,
1956 664 2042 704 col·

396 724 546 760 locari:
571 722 733 759 Idcirco
757 719 992 758 consultius
1014 718 1258 762 fecerimus,
1282 717 1311 756 fi
1334 717 1479 756 adhuc
1502 717 1706 756 millenas
1725 717 1875 756 Terrae
1895 717 2041 757 semid.

397 778 529 823 priori
551 774 732 812 summae
755 774 1148 821 aggregauerimus,
1172 777 1216 809 vt
1238 771 1322 810 hac
1345 773 1528 816 ratione,
1553 770 1652 810 satis
1674 770 1842 810 vastum
1866 771 2043 810 daretur
2080 786 2110 813 ιο

396 829 591 876 spatium,
614 830 660 865 in
684 838 771 874 quo
793 826 911 864 Fixae
932 825 1090 868 Stenae,
1113 827 1272 873 partim
1294 824 1437 869 altius,
1459 826 1620 872 partim
1639 824 1882 872 depressius,
1905 824 2042 873 dispo-

396 887 613 920 nerentur.
639 881 795 927 Neque
820 881 937 917 enim
960 879 1069 922 haec,
1094 876 1246 916 8113613
1266 877 1304 916 81
1325 877 1467 916 subtili
1486 877 1813 916 mensuratione
1833 877 1930 916 sunt
1948 889 2042 926 per-

396 934 676 982 uestigabilia:
690 933 783 970 Nec
793 935 925 971 etiam
934 937 1139 970 accurata
1147 931 1341 979 praecifio
1350 931 1593 970 admodum
1601 933 1648 969 in
1657 931 1726 969 his
1735 931 1791 969 est
1799 931 2042 971 necessaria.

397 988 506 1035 Quis
523 989 683 1025 etenim
699 986 741 1023 id
758 988 913 1023 merito
929 985 1196 1032 improbarit,
1218 984 1337 1032 quod
1357 984 1549 1023 millenis
1569 984 1714 1023 adhuc
1729 984 1879 1023 Terrae
1896 984 2042 1024 semid.

397 1039 577 1079 Oc‘tauae
594 1040 789 1087 Sphaerae
806 1051 905 1077 oras
922 1038 1299 1086 ampliauerimuS‚
1315 1040 1376 1076 ita
1390 1043 1434 1076 vt
1449 1049 1477 1076 a
1491 1037 1637 1076 Terris
1653 1039 1874 1076 remoueri
1889 1039 1936 1076 in
1949 1039 2042 1077 vni-
2081 1052 2111 1079 1⁵

395 1094 568 1132 uersum
592 1093 845 1131 statueretur
870 1092 990 1139 quafi
1012 1091 1157 1129 semid.
1182 1091 1316 1136 14000,
1341 1103 1419 1139 per
1441 1091 1662 1139 duplicem
1683 1091 1885 1130 videlieet
1905 1091 2043 1130 mille-

396 1149 503 1194 narij
530 1146 833 1194 septenarium,
857 1151 933 1183 aut
955 1147 1146 1189 Vnicum,
1170 1144 1199 1182 fi
1221 1144 1384 1192 septem
1403 1144 1543 1183 millia
1563 1147 1832 1193 integrarum
1851 1144 2041 1184 Diamet.

395 1200 643 1238 mensuram
662 1197 1020 1237 adhibuerimus?
1042 1199 1161 1236 Nam
1178 1197 1354 1236 &iuxta
1369 1198 1683 1236 Ptolemaicam
1699 1197 1887 1237 Orbium
1903 1197 2042 1237 Caele-

395 1254 518 1291 stium
535 1252 853 1300 dispositionem
868 1251 1013 1290 adhuc
1029 1252 1134 1290 6000
1149 1251 1294 1290 semid.
1312 1251 1443 1290 altius
1459 1251 1692 1290 euchenda
1706 1251 1828 1290 foret.
1845 1251 1897 1290 Et
1911 1251 1942 1290 fi
1957 1251 2041 1291 Co·
2077 1256 2097 1288 1·

395 1309 622 1354 perniceae,
644 1308 756 1344 circa
772 1311 942 1343 motum
958 1317 1160 1343 annuum
1176 1305 1338 1349 Terrae,
1359 1304 1644 1353 speculationi
1660 1305 1844 1343 assentiri
1862 1304 2042 1350 luberet,
2077 1317 2110 1344 zo

396 1359 606 1397 immensa
627 1361 869 1397 etiamnum
891 1359 1113 1406 superesset
1133 1361 1247 1396 intra
1267 1358 1507 1397 Saturnum
1528 1357 1567 1396 81
1587 1357 1792 1397 octauam
1812 1357 2043 1406 Sphaeram

396 1413 576 1457 vastitas,
598 1419 836 1460 antequam
852 1417 997 1450 motus
1013 1412 1161 1450 Terrae
1180 1423 1370 1454 annuus,
1391 1410 1584 1459 respedtu
1604 1411 1750 1456 huius,
1771 1417 1901 1460 prout
1916 1423 2042 1460 opor-

396 1472 512 1509 teret.
530 1466 701 1513 prorsus
717 1465 1009 1504 euanesceret:
1026 1465 1154 1503 Adeo
1165 1471 1209 1503 vt
1219 1465 1505 1504 interuallum
1520 1465 1642 1509 illud,
1659 1465 1778 1513 quod
1790 1465 1883 1504 esta
1894 1471 2042 1504 centro

396 1519 605 1563 Vniuerfi,
622 1519 753 1566 vsque
765 1521 810 1557 in
823 1519 1062 1557 Saturnum
1077 1518 1342 1566 supremum,
1358 1518 1457 1566 plus
1469 1530 1605 1566 quam
1615 1518 1919 1567 septingenties
1929 1521 2043 1558 intra

396 1572 513 1610 hunc
530 1572 567 1610 &
584 1573 712 1610 Fixas
728 1572 883 1611 Stellas
899 1572 1359 1620 comprehenderetur;
1381 1572 1513 1620 idque
1529 1572 1753 1611 Sideribus
1769 1574 1954 1611 omnino
1968 1583 2041 1612 va·
2077 1585 2109 1612 2⁵

396 1638 540 1668 cuum.
565 1626 602 1664 &
623 1626 732 1664 nulli
752 1625 856 1669 vsui,
881 1628 956 1673 qui
976 1628 1022 1663 in
1042 1625 1186 1664 sensus
1207 1626 1345 1669 cadat,
1369 1625 1644 1664 destinatum:
1668 1626 1787 1674 quod
1807 1625 2042 1665 absurdum

396 1679 450 1717 est
467 1679 652 1717 credere.

450 1732 761 1771 Constituendo
782 1735 928 1780 itaque
945 1732 1094 1771 Affixa
1115 1732 1267 1771 Sidera
1288 1734 1508 1771 remoueri
1528 1744 1555 1771 a
1574 1732 1720 1771 Terris
1740 1732 1863 1772 14000
1882 1731 2040 1772 semid.

396 1785 542 1823 Terrae
564 1786 661 1833 plus
681 1788 840 1830 minus,
862 1788 921 1824 vti
942 1786 1076 1824 modo
1096 1786 1304 1824 diximus:
1327 1798 1482 1824 eorum
1497 1798 1625 1824 veras
1644 1786 1969 1834 magnitudines
1988 1797 2042 1825 ex

396 1839 546 1876 visibili
564 1839 790 1877 Diametro
811 1850 887 1886 per
908 1839 978 1877 sex
999 1840 1096 1877 illos
1118 1840 1306 1882 ordines,
1328 1842 1373 1877 in
1395 1851 1506 1887 quos
1522 1851 1549 1878 a
1564 1840 1794 1878 Veteribus
1810 1839 2041 1879 distributae
2077 1851 2109 1878 ³0

397 1892 501 1934 sunt,
519 1895 563 1930 in
576 1892 705 1936 hunc,
722 1895 796 1940 qui
807 1893 1010 1940 sequitur.
1022 1893 1218 1935 modum.
1231 1895 1319 1940 qua
1331 1893 1426 1931 fieri
1437 1895 1605 1941 poterit,
1617 1895 1910 1937 accuratione,
1921 1904 2040 1932 men-

395 1945 649 1983 surabimus.

450 1999 602 2036 Stellas
627 1999 887 2041 illustriores,
919 2012 1029 2047 quas
1060 1999 1261 2038 PRIMAE
1292 1999 1746 2039 MAGNITVDINIS
1770 2005 2040 2048 nuncupant.

399 2052 587 2099 diligenti
609 2052 802 2091 adhibita
819 2053 1174 2095 confideratione.
1196 2053 1465 2101 deprehendi
1481 2054 1571 2092 duo
1586 2055 1786 2102 proxime
1803 2053 1982 2092 Minuta
1995 2055 2041 2092 111

398 2105 623 2143 Diametro
647 2106 897 2153 adimplere.
924 2107 1159 2154 praesertim
1184 2118 1237 2145 ex
1261 2109 1325 2155 ijs.
1352 2119 1453 2155 quae
1476 2107 1623 2145 medio
1646 2107 1780 2146 modo
1803 2107 1843 2146 se
1866 2107 2040 2146 habent.
2075 2118 2107 2145 ³5

398 2158 545 2204 Quare
568 2159 594 2195 s1
616 2160 846 2197 assumatur
869 2171 1021 2197 earum
1038 2172 1064 2198 a
1080 2160 1224 2198 Terris
1245 2160 1442 2199 distantia
1464 2161 1585 2199 14000
1605 2161 1765 2199 Semid.
1782 2160 1943 2204 Terrae.
1964 2162 2041 2199 erit

397 2209 776 2261 circumferen-Htia
788 2213 928 2254 Orbis.
943 2216 985 2251 in
997 2226 1084 2260 quo
1094 2214 1330 2256 versantur.
1342 2215 1585 2252 earundem
1594 2214 1725 2253 88000
1735 2214 1915 2261 (habent
1923 2216 2041 2253 enim
2062 2218 2123 2252 482

399 2264 436 2300 [e
461 2264 553 2301 haec
579 2272 618 2301 vt
643 2266 665 2302 7
689 2266 743 2303 ad
767 2266 834 2310 22)
859 2266 972 2312 Quae
997 2279 1096 2304 cum
1120 2267 1197 2305 360
1219 2267 1397 2305 Gradus
1421 2270 1644 2306 continere
1667 2267 2040 2316 praesupponatur.

399 2325 640 2363 competent
663 2319 832 2356 duobus
855 2319 1062 2367 scrupulis
1080 2322 1102 2357 4
1119 2323 1298 2368 integrae
1315 2321 1463 2359 Terrae
1481 2321 1709 2364 Diametri.
1731 2321 1769 2359 &
1789 2322 1924 2369 paulo
1944 2321 2041 2370 plus

399 2370 516 2416 quasi
541 2373 589 2408 11:
609 2378 649 2408 vt
668 2371 709 2408 sit
728 2375 950 2419 proportio
969 2373 1286 2412 Dimetientum
1303 2375 1446 2421 qualis
1463 2375 1517 2412 est
1534 2375 1584 2414 52
1600 2375 1655 2413 ad
1673 2375 1725 2413 13.
1744 2375 1950 2414 Euadunt
1965 2376 2039 2414 ita·
2074 2385 2106 2412 σο

399 2435 482 2470 que
505 2425 623 2461 iuxta
646 2427 858 2462 rationem
881 2426 1074 2473 superius
1097 2427 1333 2474 expositam
1355 2430 1399 2465 in
1421 2428 1495 2466 sua
1517 2428 1790 2476 corpulentia
1810 2426 2040 2467 circiter68

399 2476 704 2515 vicibusTcrra
718 2481 921 2519 maiores:
936 2480 1216 2518 licetVeteres
1227 2481 1494 2527 prodiderint
1505 2481 1677 2520 easdem
1689 2482 1932 2530 plusquam
1943 2492 2039 2520 cen-

1962 2537 2040 2574 ties
