2164 3246
458 213 1120 253 PROGYMNASMATUM
1141 212 1346 251 PRIMA
1367 211 1518 250 PARS
1751 210 1819 249 217

213 320 409 359 LOCUS
430 320 749 359 STELLULAE
770 320 1077 359 DRACONIS
1097 318 1324 358 VICINAE
1345 318 1499 356 POLO
1521 317 1772 356 ZODIACI

554 382 914 420 TRIPLICITER
935 380 1433 421 PERUESTIGATUS.

1060 525 1073 526 ἶ
1122 477 1367 525 Lotqoffuoo
1444 523 1456 525 -
1523 476 1732 524 (Ατιῖυῡο

1117 541 1143 566 P.
1212 561 1217 565 .
1270 564 1271 567 ,
1297 560 1302 565 .
1500 540 1526 565 P.
1596 560 1600 564 .
1681 560 1686 564 .

111 626 128 652 5
243 610 293 685 Ι]
374 612 383 684 Ι
415 612 581 650 Lucida
599 618 645 652 V
664 612 852 673 &Calce
873 616 907 656 Π
1099 613 1150 651 26
1180 613 1231 651 38
1260 613 1311 651 50
1341 618 1389 660 ΠΡ
1482 612 1532 650 84
1562 612 1613 650 45
1643 612 1694 649 43
1725 612 1771 649 B.

222 665 260 704 II
307 677 361 704 ex
416 664 549 704 Calce
569 668 605 709 Π
625 665 802 704 ἃιηῐεῐ.
821 666 929 714 Cap.
950 669 985 710 Π
1099 666 1151 704 26
1180 666 1230 705 38
1260 666 1311 704 26
1342 672 1389 714 ΠΡ
1483 665 1533 704 84
1563 666 1613 703 45
1643 665 1695 703 46
1725 665 1771 702 Β.

201 692 294 768 ΠΙΙ
374 693 382 765 Ι
415 718 543 757 Infer.
562 719 671 766 Cap.
692 721 726 762 Π
748 719 947 757 &Corde
970 721 1009 764 Ω
1099 720 1150 757 26
1180 720 1230 758 39
1270 719 1312 757 10
1342 725 1390 767 m>
1483 718 1533 757 84
1563 719 1614 756 46
1670 719 1695 756 0
1725 719 1771 756 B.

220 808 306 846 His
321 809 515 846 inuicem
531 808 700 846 collatis
716 814 847 855 atque
865 809 920 846 ad
936 810 1146 847 trutinam
1164 808 1372 856 expensis,
1390 810 1547 846 certius
1562 809 1652 851 erit,
1669 806 1698 845 fi
1710 807 1823 845 Lon-

164 861 407 910 gitudinem
427 861 622 900 Stellulae
643 861 864 899 Draconis
884 873 972 900 vna
994 873 1094 900 cum
1116 864 1209 900 eius
1231 861 1479 900 Latitudine
1503 861 1556 899 fic
1577 860 1823 899 conforma-

98 928 129 955 ιο
166 926 375 953 uenmus.

233 985 448 1025 VERIOR
469 985 508 1024 8(
529 985 858 1025 LIMITATUS
880 985 1198 1025 STELLULAE
1220 985 1527 1024 DRACONIS
1549 985 1756 1024 LOCUS.

943 1048 969 1073 P.
1122 1068 1125 1072 .
1287 1068 1291 1072 .

595 1092 843 1141 Longitudo
932 1093 983 1131 26
1092 1093 1143 1131 38
1253 1093 1304 1131 50
1334 1099 1395 1141 τη).

595 1146 800 1184 Latitudo
928 1146 978 1184 84
1089 1147 1139 1185 45
1249 1147 1299 1185 53
1330 1147 1485 1184 Borea.
1503 1142 1517 1196 ΙΙ

77 1216 142 1249 215
219 1209 367 1257 Atque
383 1207 468 1247 hoc
484 1210 579 1247 eius
590 1207 815 1247 verificato
831 1208 982 1256 positu,
999 1214 1213 1256 tanquam
1226 1214 1342 1246 certo
1355 1208 1393 1246 8(
1404 1208 1649 1256 scrupulose
1662 1210 1824 1246 exami-

167 1267 285 1307 nato,
301 1263 348 1300 in
363 1262 660 1310 perquirenda
676 1262 817 1310 Spicae
835 1268 883 1310 m)
901 1262 1151 1300 Latitudine
1168 1262 1266 1300 satis
1282 1268 1375 1300 tuto
1392 1264 1451 1300 vti
1468 1262 1623 1300 licebit.

220 1315 419 1354 Adhibui
434 1321 596 1360 autem,
613 1321 658 1353 vt
673 1316 716 1353 id
733 1317 866 1353 etiam
882 1315 954 1353 hic
967 1315 1105 1353 obiter
1116 1327 1337 1359 moneam,
1355 1318 1400 1353 in
1417 1315 1500 1354 hac
1512 1315 1653 1359 Praxi,
1671 1314 1825 1353 Stellas

167 1368 426 1408 Zodiacales
441 1368 630 1417 Tropico
646 1368 814 1407 AEstiuo
835 1371 1120 1416 propinquas,
1142 1370 1403 1416 potissimum
1419 1381 1524 1407 vero
1547 1380 1645 1407 eam
1662 1380 1763 1416 quae
1780 1370 1826 1406 in

169 1422 303 1462 Calce
319 1422 375 1461 est
390 1422 623 1471 superioris
643 1425 678 1466 Π
690 1453 698 1467 ,
717 1422 754 1460 8(
770 1422 1025 1460 inferiorem
1041 1425 1087 1460 in
1104 1423 1259 1470 Capite
1276 1422 1467 1466 alterius,
1489 1424 1548 1460 ita
1564 1429 1608 1460 vt
1624 1424 1669 1459 in
1687 1422 1824 1469 quali-

97 1489 132 1515 20
167 1476 238 1515 bet
257 1474 511 1514 inductione
531 1488 621 1514 vna
641 1476 802 1514 harum
823 1478 1006 1524 negocio
1027 1476 1324 1523 principaliter
1344 1476 1544 1524 praeesset.
1568 1475 1685 1514 Cum
1707 1477 1825 1513 enim

167 1529 240 1568 hae
256 1529 613 1568 Declinationem
628 1530 857 1568 tardissime
873 1535 1060 1573 mutent;
1082 1529 1320 1577 praesertim
1339 1541 1404 1573 ea,
1426 1541 1526 1576 quae
1544 1531 1589 1567 in
1606 1529 1740 1567 Calce
1757 1528 1824 1572 est,

168 1583 280 1622 adeo
295 1585 442 1622 vicina
457 1582 619 1631 puncto
636 1583 805 1631 Solstitij
819 1582 985 1627 AEstiui‚
1003 1589 1046 1620 vt
1061 1583 1131 1621 vel
1148 1594 1201 1621 ex
1217 1583 1307 1621 sola
1324 1585 1417 1621 eius
1430 1583 1752 1626 Declinatione,
1770 1582 1824 1620 ab

168 1636 424 1685 obliquitate
452 1636 672 1685 Eclipticae
700 1639 897 1675 maxima
926 1636 1106 1681 sublata,
1137 1636 1267 1684 ipsius
1295 1636 1499 1674 Latitudo
1528 1642 1643 1674 certo
1672 1635 1826 1674 haberi

168 1695 312 1738 queat,
341 1690 506 1729 etiamsi
530 1691 583 1729 de
608 1690 900 1738 Longitudine
926 1702 1018 1728 non
1043 1690 1286 1728 admodum
1311 1689 1555 1737 scrupuLose
1582 1689 1823 1727 constiterit.

98 1756 132 1782 25
169 1743 331 1782 Similis
351 1743 488 1782 ferme
509 1743 564 1782 est
584 1746 696 1782 ratio
716 1746 762 1781 in
782 1743 971 1782 Pollucis
989 1743 1134 1787 Stella,
1156 1746 1362 1791 quamuis
1383 1755 1474 1781 non
1495 1743 1607 1781 adeo
1629 1743 1825 1786 euidens,

169 1808 271 1836 cum
290 1797 389 1845 plus
405 1809 432 1836 a
448 1797 634 1836 Solstitio
655 1797 894 1846 elongetur.
917 1797 1002 1835 His
1023 1799 1170 1844 itaque
1188 1797 1329 1835 Stellis
1350 1799 1571 1844 praecipue
1593 1798 1826 1844 negocium

168 1850 254 1889 hoc
265 1851 526 1896 concredidi,
539 1849 754 1890 adiunctis
765 1856 914 1889 tamen
926 1851 1098 1889 duabus
1110 1850 1219 1898 aliJ's,
1232 1856 1377 1898 vtpote
1390 1850 1556 1888 Lucida
1569 1856 1615 1889 V
1630 1849 1668 1887 &
1680 1849 1825 1888 Corde

169 1904 342 1949 Leonis,
359 1916 449 1952 quo
464 1904 731 1953 Triangulus
747 1905 803 1943 ad
818 1906 1012 1942 inuicem
1029 1905 1304 1942 commodius
1321 1903 1682 1942 conformaretur.

223 1957 356 1996 Nunc
371 1960 500 2006 igitur
516 1959 572 1996 ad
588 1958 886 1996 Latitudinem
900 1957 1040 2005 Spicae
1053 1957 1255 2005 Virginis,
1273 1960 1398 1995 cuius
1414 1957 1467 1995 de
1484 1956 1613 1995 causa
1629 1957 1826 1994 laborem

99 2022 133 2049 30
169 2010 288 2050 hunc
303 2011 580 2059 suscepimus,
596 2012 698 2050 inde
711 2011 1057 2049 constituendam
1068 2011 1410 2059 progrediemur,
1430 2011 1561 2058 idque
1574 2010 1737 2057 duplici
1755 2021 1825 2047 ex-

169 2066 430 2113 perimento:
447 2065 579 2103 semel
590 2065 645 2103 ad
658 2065 838 2103 Stellam
854 2064 970 2102 hanc
982 2064 1202 2102 Draconis
1214 2064 1410 2103 adhibito
1423 2064 1605 2112 Regulo:
1624 2063 1826 2102 Secundo

169 2129 275 2157 vero
290 2118 498 2157 inferiore
517 2121 553 2162 ][
573 2119 742 2166 Capite,
759 2124 802 2156 vt
819 2118 953 2156 modo
969 2118 1144 2165 patebit.

171 2268 281 2308 PRO
303 2269 669 2308 LATITUDINE
691 2269 874 2308 SPICAE
891 2275 953 2317 ΠΡ,
976 2207 1054 2307 Ili-X
1075 2268 1233 2306 DATA
1256 2268 1436 2307 IPSIUS
1452 2269 1530 2306 AB
1548 2267 1827 2306 ASSUMTA

102 2343 135 2369 35
172 2331 475 2371 STELLULA
497 2332 804 2371 DRACONIS
821 2331 859 2369 8(
876 2331 1078 2370 CORDE
1099 2331 1313 2370 LEONIS
1332 2329 1827 2369 INTERCAPEDINE.

257 2403 329 2441 ER
350 2403 690 2442 Instrumentum
706 2403 943 2451 quoddam,
966 2402 1185 2440 distantias
1202 2402 1437 2441 Stellarum
1453 2404 1585 2440 etiam
1601 2401 1718 2438 sexta
1735 2401 1827 2438 Cir-

257 2456 344 2495 culi
368 2463 503 2505 parte,
529 2462 605 2495 aut
630 2457 875 2504 quadrante
902 2456 948 2503 (fi
972 2467 1083 2503 opus
1107 2456 1169 2502 fit)
1196 2458 1399 2497 maiores,
1426 2455 1600 2503 praecise
1627 2455 1826 2501 largiens,

171 2508 330 2557 saepius
350 2509 579 2549 Stellulam
600 2510 833 2554 Draconis,
855 2521 955 2557 quae
977 2512 1122 2547 vicina
1143 2509 1199 2547 est
1219 2509 1326 2547 Polo
1347 2509 1539 2551 Zodiaci,
1562 2509 1781 2597 remotgeri
1802 2518 1827 2543 a

278 2571 312 2597 28
1731 2570 1826 2606 pica
