2243 3225
393 201 470 238 420
765 192 1217 234 ASTRONOMIAE
1238 189 1660 230 INSTAURATAE

392 304 630 343 maioribus
651 303 805 340 reuera
820 301 1125 347 adaequentur:
1146 304 1190 336 vt
1206 303 1249 335 vt
1265 297 1321 335 ob
1336 296 1538 335 altiorem
1555 295 1681 334 fitum
1696 297 1890 335 minores
1905 296 2033 335 nobis

393 360 642 405 appareant.
660 355 710 392 Et
726 354 778 392 fic
795 353 1105 399 consequenter
1121 351 1174 389 de
1191 352 1368 388 caeteris.

445 410 667 456 Quinimo‚
686 406 847 445 etiamsi
863 417 1017 444 omnes
1033 407 1078 442 in
1095 404 1250 442 eadem
1266 402 1450 451 sphaera
1465 402 1694 449 aequaliter
1710 401 1923 447 distarent,
1941 414 2034 442 non

391 469 537 500 tamen
554 473 630 505 eae,
648 472 746 507 quae
764 459 954 497 eiusdem
970 463 1227 506 reputantur
1243 456 1420 500 ordinis,
1437 457 1621 493 omnino
1635 455 1855 503 aequalem
1870 455 2034 495 habent

392 520 674 562 apparentem
690 514 967 551 diametrum:
986 511 1176 558 Ideoque
1192 512 1323 548 etiam
1337 508 1571 547 consimilis
1586 509 1843 556 magnitudo
1858 508 2033 557 singulis
2069 523 2086 549 5

391 578 672 615 nequaquam
694 567 907 612 competit.
930 564 1076 602 Multo
1097 565 1216 601 enirn
1235 564 1378 600 maior
1399 563 1589 600 cernitur
1604 561 1754 610 Syrius
1774 567 1906 610 atque
1922 562 2033 601 Fidi-

391 621 500 662 cula.
527 632 660 667 quam
683 619 917 661 Aldebora‚
944 617 981 654 8(
1007 617 1102 655 haec
1126 616 1258 654 Stella
1283 615 1428 653 rursus
1450 617 1594 653 major
1614 615 1785 653 videtur
1807 615 1973 664 Regulo
1996 615 2034 654 &

391 674 547 711 Arista:
578 684 677 710 cum
706 679 854 710 tamen
884 682 1037 708 omnes
1062 672 1222 718 pariter
1246 671 1402 716 primae
1426 668 1741 716 magnitudinis
1765 668 2032 708 censeantur.
2069 673 2090 706 †

391 727 608 773 Quamuis
628 728 754 773 igitur
775 724 1002 771 aequaliter
1022 723 1124 760 hinc
1145 722 1345 760 abessent:
1368 722 1508 760 multo
1527 727 1677 760 tamen
1696 723 1887 760 maiores
1907 727 2034 761 erunt

391 780 498 828 Syrij
518 779 555 816 &
572 779 777 816 Fidiculae
794 777 950 820 Stellae,
973 788 1107 824 quam
1123 775 1376 819 Palilitium;
1399 775 1437 813 8(
1457 774 1542 813 hoc
1558 774 1774 823 Regulum
1793 780 1926 823 atque
1942 774 2033 823 spi·
2073 789 2103 816 10

390 845 486 870 cam
503 833 688 879 Virginis
706 831 892 868 excedet.
911 830 978 867 De
995 830 1174 876 reliquis
1191 829 1347 867 eodem
1362 828 1496 866 modo
1513 828 1725 866 iudicium
1740 827 1982 867 ferendum.

443 886 606 922 Verum
622 896 702 921 nos
719 884 800 921 hac
818 884 869 921 de
886 895 931 920 re
948 883 1036 921 alio
1053 884 1151 920 loco
1169 884 1505 920 conuenientius
1517 881 1555 919 &
1567 881 1782 929 copiofius
1793 881 2034 930 aliquando

390 938 538 981 acturi,
556 950 672 975 nunc
689 939 818 974 nimis
835 942 956 974 extra
972 936 1239 983 propofitum
1256 934 1483 973 deflectere
1499 935 1721 973 nolumus.

441 992 694 1038 Antequam
711 992 837 1037 igitur
853 989 1017 1027 nostras
1033 990 1085 1027 de
1102 988 1352 1027 Affixarum
1369 988 1605 1027 Stellarum
1623 988 1865 1032 altitudine,
1886 987 1925 1026 &
1944 993 2035 1027 tam

388 1044 551 1087 visibili,
573 1055 707 1091 quam
723 1055 827 1081 vera
845 1043 1158 1090 magnitudine,
1180 1044 1500 1090 conceptiones,
1522 1053 1623 1080 cum
1638 1041 1848 1080 Veterum
1863 1041 2035 1080 Placitis
2074 1055 2104 1082 ιε

389 1108 671 1144 nequaquam
697 1096 1023 1140 consentientes,
1049 1095 1340 1143 proferemus:
1366 1095 1649 1134 Planetarum
1673 1094 2036 1134 intermediorum

389 1151 577 1188 debitam
598 1149 1069 1187 commensurationem
1090 1151 1222 1197 prius,
1247 1150 1379 1187 etiam
1401 1151 1524 1187 iuxta
1543 1148 1688 1186 nostra
1706 1150 1949 1193 ratiocinia,
1972 1150 2035 1187 in·

388 1204 567 1247 stituere,
585 1199 957 1252 operae-flpretium
968 1203 1154 1246 videtur;
1171 1208 1214 1240 vt
1228 1202 1442 1249 paulatim
1453 1213 1530 1250 per
1542 1204 1745 1240 omnium
1755 1201 2037 1241 planetarum
2059 1209 2117 1242 471

389 1257 599 1304 Regiones
621 1256 905 1300 ascendendo,
927 1256 981 1294 ad
1002 1255 1245 1294 altissimam
1266 1253 1471 1294 octauam
1491 1255 1724 1303 Sphaeram
1743 1255 1923 1294 tandem
1942 1266 2036 1303 per-

389 1312 602 1348 ueniatur.
2072 1321 2105 1348 zo

441 1363 585 1400 Primo
602 1365 729 1410 igitur
746 1368 961 1410 quantum
977 1362 1032 1400 ad
1050 1362 1369 1406 Luminarium,
1387 1361 1425 1400 &
1442 1373 1530 1410 quo
1547 1362 1603 1400 ad
1614 1361 1798 1400 Terram
1814 1361 1852 1400 &
1867 1361 1908 1400 l'e
1925 1363 2037 1400 inui-

389 1428 482 1454 cem
499 1418 885 1463 comparationem,
903 1418 1116 1463 quoniam
1132 1416 1351 1454 luculente
1365 1415 1402 1453 &
1413 1415 1562 1454 sedulo
1575 1417 1740 1464 egerint
1754 1415 1912 1454 summi
1923 1416 2037 1454 Arti-

388 1469 489 1507 fices
511 1469 772 1507 Ptolemaeus
789 1469 826 1507 &
844 1469 1129 1516 Copernicus,
1150 1481 1230 1507 nec
1252 1468 1499 1507 differentia
1519 1481 1620 1517 quae
1641 1469 1726 1507 illis
1746 1468 1830 1507 hac
1850 1470 1897 1507 in
1916 1473 2037 1517 parte

389 1525 682 1566 interuenerit‚
700 1522 944 1570 reputanda
954 1522 1012 1565 fit,
1027 1534 1107 1560 nec
1120 1525 1252 1560 etiarn
1263 1534 1290 1561 a
1301 1522 1429 1570 scopo
1441 1522 1631 1561 multum
1642 1521 1915 1561 deflexerint:
1931 1521 2037 1561 nolo

390 1578 451 1623 iJ's,
471 1588 569 1623 quae
582 1576 633 1613 de
647 1576 806 1613 horum
818 1576 1192 1624 magnitudinibus
1203 1576 1506 1623 superaddam,
1523 1576 1672 1614 multis
1688 1577 1932 1614 immorari:
1949 1575 2036 1614 Ne·
2073 1588 2106 1615 25

390 1641 474 1676 que
491 1641 543 1666 ex
561 1629 794 1676 Eclipsibus
812 1629 1071 1671 Lunaribus.
1093 1632 1152 1667 vti
1169 1630 1223 1668 ab
1240 1629 1324 1667 illis
1340 1629 1577 1677 praestitum
1593 1629 1660 1673 est,
1681 1641 1800 1667 nunc
1818 1629 2036 1668 limitatio·

391 1694 490 1719 nem
508 1685 823 1720 accuratiorem
839 1682 1072 1720 instituere:
1096 1694 1197 1721 cum
1213 1683 1255 1721 id
1272 1683 1451 1721 alterius
1467 1683 1596 1721 fuerit
1611 1683 1708 1728 loci,
1728 1688 1859 1731 atque
1875 1682 1948 1721 hic
1962 1681 2042 1722 fua·

390 1735 634 1782 prolixitate
652 1735 866 1774 fastidium
882 1736 990 1773 forte
1007 1748 1188 1774 mouere
1205 1737 1334 1784 possit.

443 1789 606 1826 Verum
629 1789 819 1827 breuiori
841 1790 1034 1836 quadam
1057 1790 1265 1828 methodo
1286 1789 1356 1833 vfi,
1381 1802 1473 1828 non
1493 1790 1677 1828 dissimili
1697 1791 1879 1834 ratione,
1903 1800 2038 1838 quam

391 1844 434 1878 in
451 1845 615 1879 caeteris
632 1842 773 1880 Stellis
790 1849 919 1890 atque
938 1843 1138 1884 Planetis,
1161 1855 1214 1881 ex
1236 1855 1390 1882 eorum
1407 1843 1560 1882 visibili
1576 1843 1807 1882 Diametro
1827 1849 1959 1891 atque
1976 1842 2037 1881 di·
2073 1855 2106 1882 ³⁰

390 1895 539 1985 standtia
565 1896 883 1943 corpulentiam
909 1908 1060 1934 veram
1088 1897 1460 1941 ratiocinabimur,
1492 1899 1538 1935 in
1567 1897 1698 1941 hunc,
1729 1899 1805 1944 qui
1834 1896 2037 1945 sequitur.

391 1960 463 1985 mo
496 1960 583 1985 um.

394 2019 636 2057 AVTORIS
663 2020 741 2057 DE
765 2020 1118 2059 CAELESTIVM
1142 2021 1469 2060 CORPORVM
1496 2020 2038 2060 MAGNITUDINIBUS

475 2081 832 2125 AESTIMATIO,
851 2083 887 2120 8(
904 2083 1146 2122 PRIMUM
1169 2083 1247 2122 DE
1270 2084 1516 2123 DUOBUS
1538 2083 1956 2123 LUMINARIBUS

1015 2145 1159 2184 SOLE
1182 2146 1219 2184 &
1241 2146 1409 2185 LVNA.
2072 2157 2105 2184 ³5

468 2214 595 2251 OLIS
625 2223 909 2261 apparentem
936 2216 1212 2255 Diametrum
1239 2218 1313 2255 diu
1338 2218 1616 2265 multumque
1646 2223 1852 2256 accurata
1878 2218 2039 2256 trutina

486 2267 652 2304 scrutati
674 2267 832 2310 sumus,
857 2270 1091 2315 praesertim
1113 2282 1189 2318 per
1210 2272 1411 2310 canalem
1431 2271 1482 2310 32
1503 2271 1636 2319 pedes
1657 2273 1823 2309 circiter
1845 2270 2038 2319 longum.

393 2320 522 2365 idque
547 2326 632 2357 tarn
658 2323 701 2357 in
724 2328 904 2368 vtroque
927 2322 1123 2365 Solstitio.
1148 2325 1327 2371 quando
1349 2325 1423 2363 Sol
1446 2327 1491 2362 in
1511 2324 1678 2362 AEstiuo
1699 2326 1923 2368 minimus,
1946 2323 2038 2372 Hy-

395 2373 529 2409 berno
548 2386 649 2410 vcro
668 2377 898 2415 maximus.
921 2385 1112 2423 apparet.
1133 2390 1267 2424 quam
1284 2380 1397 2416 circa
1414 2385 1596 2425 vtraque
1614 2378 1874 2416 intermedia
1889 2376 2039 2425 AEqui·

395 2423 549 2466 noc‘lia.
577 2428 753 2472 quando
780 2429 924 2465 medio
951 2430 1082 2467 modo
1108 2430 1146 2468 se
1174 2430 1315 2473 habet.
1347 2439 1439 2469 tum
1466 2443 1643 2479 quoque
1669 2433 1714 2469 in
1739 2431 1837 2479 alijs
1861 2430 2039 2469 Zodiaci
2074 2440 2106 2467 ⁴0

395 2478 515 2515 locis:
540 2491 616 2516 nec
640 2492 832 2527 vnquam
855 2482 1180 2529 deprehendere
1203 2487 1336 2531 potui,
1361 2485 1499 2532 ipsum
1521 2486 1783 2533 Apogaeum,
1807 2495 1907 2523 cum
1928 2485 2040 2522 circa

1917 2537 2039 2576 initia
