2243 3225
346 215 422 253 228
725 207 1178 248 ASTRONOMIAE
1200 204 1621 243 INSTAURATAE

347 317 718 357 VERIFICATIO
745 314 1075 354 DUODECIM
1102 310 1472 354 STELLARUM,
1499 310 1765 357 QUARUM
1789 310 1993 349 SINGU-

376 381 467 419 LAE
488 379 565 417 EX
586 376 861 416 SINGULIS
883 375 1139 422 QUOQUE
1161 372 1320 412 SUNT
1340 372 1590 410 ZODIACI
1610 371 1966 416 ASTERISMIS‚

407 439 748 480 SECUNDUM
770 435 1250 476 LONGITUDINEM
1271 434 1477 480 ATQUE
1498 433 1936 479 LATITUDINEM,

453 502 641 548 IDQUE
663 500 846 538 MODO
869 498 1045 537 NOBIS
1065 496 1332 541 VSITATO,
1353 496 1431 533 VT
1451 495 1585 534 SINT
1605 496 1888 535 EXEMPLO

715 561 974 600 CAETERIS
996 560 1176 599 CIRCA
1198 558 1350 597 COELI
1371 557 1627 596 MEDIUM
2034 573 2050 599 5

795 622 1088 661 AMBITUM
1110 619 1547 659 EXISTENTIBUS.

948 719 1135 757 PRIMA
1156 717 1395 756 ARIETIS.

348 793 591 884 APrima
610 798 655 832 V
675 792 965 835 exordiemur,
988 802 1077 838 qua
1095 787 1466 828 COPERNICVS
1486 793 1714 836 tantopere
1734 787 1832 826 vsus
1853 787 1921 833 est,
1943 787 1998 826 ab

474 846 555 883 hac
586 848 787 883 omnium
816 856 907 882 non
936 844 1076 881 solum
1100 842 1352 880 Affixarum
1377 841 1624 886 Stellarum,
1649 841 1720 879 sed
1746 841 1998 879 Errantium

351 901 482 937 etiam
503 899 815 946 Longitudines
836 897 1069 941 deducens,
1093 907 1193 934 eam
1212 907 1301 933 vna
1321 907 1422 933 cum
1443 897 1610 933 caeteris
1631 895 1748 933 Fixis
1767 897 1998 933 immotam
2039 909 2069 935 10

349 952 522 1000 prorsus
538 952 774 995 statuendo,
791 949 961 998 punc'tis
973 948 1373 997 AEquinoctialibus
1388 948 1538 986 saltem
1554 950 1600 986 in
1616 948 1919 986 antecedentia
1934 959 1998 986 re·
2223 907 2234 1029 l

349 1006 681 1048 trocedentibus,
705 1005 836 1051 idque
859 1003 1148 1051 inaequaliter,
1172 1007 1216 1040 vt
1239 1014 1291 1040 ea
1313 1003 1483 1040 ratione
1504 1000 1832 1040 difformitatem
1851 1006 1999 1040 motus

351 1058 532 1097 Odtauae
550 1058 757 1105 Sphaerae‚
780 1069 802 1095 e
823 1057 1064 1095 multorum
1081 1055 1340 1095 Seculorum
1357 1055 1591 1093 collatione
1607 1057 1849 1099 inuentam,
1871 1066 1998 1093 excu-
2223 1055 2228 1100 ι’

350 1112 440 1150 sare
457 1112 595 1159 posset.
613 1111 779 1149 Verum
795 1110 877 1148 hac
894 1111 946 1148 de
963 1122 1021 1154 re,
1039 1110 1148 1148 alias
1165 1105 1390 1159 no-ssssram
1407 1108 1640 1156 expofituri
1655 1108 1804 1146 sumus
1820 1108 1999 1147 Senten-
2023 1117 2087 1148 227
2226 1115 2228 1122 '

350 1167 467 1203 tiam.
495 1165 626 1202 Nunc
649 1164 782 1202 huius
805 1164 962 1201 Primae
986 1165 1159 1207 Arietis,
1185 1174 1286 1210 quae
1310 1163 1503 1200 anterior
1525 1161 1581 1199 est
1601 1163 1647 1199 in
1670 1162 1822 1200 dextro
1846 1161 2001 1200 Comu
2041 1176 2071 1202 15

352 1218 555 1261 eiusdem,
571 1220 644 1255 vix
660 1219 797 1256 tertiae
813 1217 1139 1265 magnitudinis,
1155 1227 1307 1254 veram
1324 1215 1378 1253 ab
1394 1214 1677 1262 AEquinoctio
1696 1217 2000 1258 remotionem,

351 1283 438 1309 vna
454 1283 552 1309 cum
570 1271 817 1309 Latitudine
838 1270 1078 1308 secundum
1098 1269 1240 1307 nostra
1259 1270 1500 1313 ratiocinia,
1523 1268 1848 1312 constituemu83
1869 1268 2001 1316 idque

352 1337 377 1363 a
393 1325 564 1363 duabus
581 1324 722 1362 Stellis
743 1324 845 1362 hinc
866 1324 967 1362 inde
984 1324 1038 1362 ab
1055 1329 1238 1370 vtraque
1254 1328 1376 1370 parte
1398 1321 1621 1370 dispositis:
1643 1322 1839 1360 Primum
1854 1321 2003 1360 versus
2226 1346 2231 1395 ¹

352 1378 665 1422 antecedentia,
690 1389 717 1415 a
739 1378 885 1415 Prima
905 1377 1003 1415 Α18
1026 1376 1182 1424 Pegafi,
1207 1378 1332 1414 cuius
1355 1375 1606 1414 Declinatio
1627 1375 1682 1414 ad
1702 1376 1888 1413 Annum
1908 1375 2002 1414 1585
2232 1411 2234 1414 ,

353 1431 618 1479 completum
635 1431 677 1469 P.
695 1431 748 1469 13.
767 1429 792 1479 l.
810 1431 852 1470 Οξέ
873 1431 972 1468 Bor.
990 1442 1016 1468 a
1032 1442 1121 1477 qua
1136 1430 1282 1468 Prima
1305 1435 1351 1469 V
1373 1441 1450 1477 per
1467 1428 1832 1467 Obseruationem
1850 1428 2002 1467 distare
2040 1442 2074 1468 20
2227 1456 2229 1466 ,

353 1484 621 1532 cognoscitur
633 1489 739 1531 part.
752 1484 814 1522 40.
827 1482 932 1532 [231
945 1496 952 1522 :
965 1483 1035 1521 Ab
1047 1483 1184 1522 altera
1195 1488 1316 1531 parte
1328 1484 1374 1520 in
1386 1482 1622 1530 Signorum
1633 1482 2002 1530 consequentiam,

353 1538 407 1576 ab
425 1538 567 1576 Oculo
588 1541 646 1582 ὅ,
664 1539 788 1575 cuius
805 1537 1054 1575 Declinatio
1070 1542 1173 1574 tunc
1190 1537 1232 1574 P.
1250 1537 1303 1574 15.
1323 1534 1348 1584 l.
1365 1536 1437 1576 36}
1455 1536 1501 1574 B.
1519 1535 1710 1583 indeque
1730 1535 1827 1574 haec
1847 1535 1938 1584 ipsa
1955 1541 2002 1575 V

354 1593 573 1629 remoueri
583 1590 939 1638 depraehenditur
950 1596 1057 1638 part.
1068 1590 1130 1628 38.
1143 1588 1168 1638 l.
1178 1590 1241 1628 39.
1255 1589 1504 1628 Declinatio
1515 1595 1664 1627 autem
1672 1588 1803 1636 ipfius
1812 1589 2004 1627 assumtae

355 1645 499 1683 Stellae
515 1646 560 1682 in
580 1651 639 1687 V,
657 1644 736 1682 fuit
752 1644 807 1682 ad
824 1643 986 1682 dietum
1002 1643 1196 1691 Tempus
1212 1648 1319 1691 part.
1337 1643 1389 1681 17.
1409 1641 1434 1690 l.
1451 1643 1491 1680 14
1508 1643 1607 1680 Bor.
2230 1640 2239 1693 ί

409 1698 471 1735 Ex
495 1698 563 1735 his
586 1697 870 1742 Dedomenis,
898 1709 997 1735 cum
1021 1697 1352 1735 Declinationes
1376 1698 1577 1734 omnium
1602 1697 1734 1734 trium
1757 1695 2004 1740 Stellarum,
2043 1709 2076 1735 25

357 1757 487 1798 atque
509 1751 717 1789 distantiae
739 1751 793 1789 ad
815 1752 1006 1789 inuicem
1027 1750 1229 1794 constent,
1251 1749 1518 1788 differentias
1534 1749 1864 1788 Ascenfionales
1883 1749 2006 1788 bina·
2231 1718 2241 1838 Ι

358 1816 456 1842 rum
473 1806 733 1851 quarumuis
749 1804 963 1852 colligere.
981 1815 1034 1842 eo
1047 1803 1440 1841 Demonstrationis
1456 1809 1620 1847 tenore,
1637 1804 1713 1850 qui
1723 1802 1920 1851 superius
1930 1802 2007 1841 ali·

359 1860 528 1905 quoties
550 1858 836 1905 repetebatur,
858 1858 1186 1905 promtissimum
1208 1859 1302 1899 erit:
1325 1857 1571 1904 euadetque
1588 1856 1833 1895 differentia
1848 1855 2007 1894 Ascen-

359 1911 532 1948 fionalis
548 1913 702 1958 primae
721 1917 766 1950 V
785 1923 811 1949 a
827 1913 969 1958 prima
980 1911 1079 1948 Α18
1091 1910 1236 1958 Pegafi
1252 1915 1359 1958 part.
1372 1910 1424 1948 41.
1439 1908 1464 1958 l.
1477 1910 1552 1951 411,
1570 1921 1670 1957 quae
1687 1910 1835 1948 addita
1848 1909 2007 1948 Ascen—
2229 1869 2243 1995 θ

360 1964 464 2001 sioni
487 1963 627 2002 Reclae
648 1966 801 2011 primae
819 1964 917 2002 Α18
939 1964 1135 2011 superius
1157 1963 1422 2011 conquifitae.
1444 1975 1544 2010 quae
1566 1969 1658 2001 erat
1678 1969 1785 2010 part.
1807 1963 1887 2001 341.
1907 1961 1932 2010 l.
1949 1963 2008 2007 25⁷,
2047 1976 2081 2002 3⁰

360 2018 557 2064 producit
573 2017 880 2055 Ascenfionem
899 2017 1073 2056 Reclam
1090 2017 1235 2055 Stellae
1254 2023 1314 2060 V.
1332 2017 1514 2064 part.22.
1529 2015 1554 2064 l.
1567 2016 1630 2054 43.
1645 2015 1687 2064 ll.
1701 2017 1763 2055 50.
1780 2015 2010 2054 Viceverl'a
2232 2020 2239 2065 ι

361 2077 507 2108 autem
524 2071 638 2108 hanc
656 2071 997 2118 comprobando.
1014 2073 1265 2108 inuenietur
1282 2069 1527 2108 differentia
1539 2069 1857 2108 Ascenfionalis
1868 2070 1923 2108 ab
1935 2069 2010 2107 Al-

361 2124 523 2161 debora
540 2130 646 2171 part.
660 2124 721 2161 40.
737 2123 761 2171 l.
776 2125 816 2162 19
827 2127 850 2165 .''.
869 2136 968 2171 quae
986 2124 1014 2161 sl
1031 2124 1325 2162 subducantur
1336 2124 1390 2162 ab
1402 2123 1664 2161 Ascenfione
1677 2121 1807 2162 Reda
1819 2123 1948 2162 Oculi
1964 2125 2006 2168 ⁸0²
2234 2097 2239 2148 Ι

362 2183 461 2214 ante
483 2189 659 2223 quoque
682 2176 894 2224 patefadla
911 2184 1017 2225 part.
1035 2178 1097 2215 63.
1117 2176 1142 2225 l.
1160 2177 1218 2219 3³1.
1240 2177 1494 2224 relinquunt
1510 2176 1818 2215 Ascenfionem
1835 2175 2010 2215 Ree'tam

362 2230 506 2267 Stellae
525 2231 593 2275 (de
612 2242 698 2276 qua
715 2231 902 2277 agimus)
924 2236 1030 2278 part.
1048 2231 1110 2268 22.
1129 2229 1154 2278 l.
1172 2232 1222 2268 44
1238 2230 1426 2278 praecise.
1448 2228 1640 2278 respectu
1656 2230 1892 2268 Aldeborae
1909 2241 2010 2268 con·
2049 2242 2082 2268 35

363 2283 573 2330 quisnam.
601 2283 731 2329 Quod
759 2283 786 2320 fi
812 2296 928 2321 nunc
955 2286 1146 2321 inuicem
1172 2283 1466 2327 conferantur,
1491 2283 1608 2321 binae
1634 2283 1704 2322 hae
1728 2282 2012 2321 Ascenfiones

365 2335 517 2378 Redtae,
540 2337 593 2373 ab
611 2343 793 2383 vtraque
810 2344 930 2384 parte
948 2337 1213 2377 adiuuentae.
1235 2339 1475 2384 reperietur
1495 2348 1649 2375 earum
1671 2336 1916 2375 differentia
1934 2336 2011 2375 ral-

363 2396 449 2426 tcm
471 2389 598 2426 sexta:
621 2392 752 2436 partis
774 2393 902 2427 vnius
923 2392 1092 2431 minuti.
1115 2397 1155 2427 vt
1178 2391 1232 2428 ob
1254 2391 1296 2428 id
1314 2390 1359 2427 sit
1375 2390 1596 2428 viceuersa
1613 2392 1865 2428 examinata
1880 2395 2012 2437 atque

365 2443 547 2479 limitata
570 2445 721 2489 prima}
744 2445 786 2479 in
810 2443 1038 2481 Asterismo
1063 2450 1107 2482 V
1132 2443 1276 2481 Stellae
1298 2443 1500 2481 Ascenfio
1523 2442 1664 2486 Recla,
1686 2449 1792 2491 part.
1814 2443 1877 2481 22.
1901 2441 1926 2490 Ι.
1948 2442 2011 2481 43.

365 2494 407 2542 ll.
426 2496 487 2536 55.
506 2496 799 2533 indubitanter
816 2496 1030 2542 proposita
1049 2499 1215 2534 ratione
1233 2496 1503 2534 confirmata.
2050 2507 2084 2533 ⁴0
2241 2519 2243 2544 1

1892 2548 2012 2587 Huic
2241 2546 2243 2567 ⁴
