2164 3246
413 215 1074 255 PROGYMNASMATUM
1096 217 1300 255 PRIMA
1322 218 1472 257 PARS
1719 220 1769 258 57

46 331 87 364 68
234 321 332 360 AEC
349 323 462 360 circa
478 321 642 360 Solaris
658 324 837 367 itineris,
853 329 946 361 tum
963 335 1052 371 quo
1069 324 1123 362 ad
1141 330 1285 362 motus
1302 326 1657 372 aequabilitatem,
1677 332 1769 363 tum

249 377 381 414 etiam
397 381 684 423 apparentem
696 376 1001 421 diuerfitatem,
1018 379 1063 414 in
1080 377 1198 415 hunc
1210 378 1392 415 modurn
1406 390 1427 416 e
1441 381 1543 416 ratis
1557 379 1769 417 Obserua-

118 429 309 468 tionibus
325 428 662 467 demonstratiue
679 431 725 466 in
740 441 951 467 numeros
968 430 1166 473 resoluta,
1183 443 1275 468 non
1291 431 1542 469 dubitamus
1556 433 1769 480 vndiqua—

119 494 204 531 que
227 481 340 521 reete
364 482 569 527 constare,
594 482 632 520 &
655 483 711 520 ad
731 488 899 521 tantam
919 483 1219 530 praecifionem
1240 485 1316 521 esse
1338 484 1533 527 deducta,
1558 492 1770 532 quantam

67 546 83 572 5
119 536 263 575 sensus
275 535 507 574 oculorum
517 535 742 574 humanus
755 547 910 584 capere
922 536 1137 580 sustineat:
1151 543 1193 574 vt
1205 536 1317 575 Solis
1330 539 1596 575 curriculum
1609 540 1663 576 ad
1676 539 1771 577 haec

119 591 322 638 proxima
332 594 544 636 tempora,
561 600 614 627 ea
626 601 715 636 qua
726 589 847 627 decet
859 590 1008 627 amussi
1021 590 1310 637 exploratum,
1327 591 1517 638 amplius
1531 592 1665 638 (quod
1678 593 1770 639 plu-

120 645 241 682 rimis
256 648 371 681 retro
387 642 554 681 Seculis
570 641 783 681 hadtenus
799 643 992 691 contigit)
1009 643 1144 681 latere
1160 650 1362 690 nequeat.

173 696 218 735 Si
238 698 336 744 quis
351 707 457 734 vero
478 695 796 734 haefitationem
811 696 948 734 vllam
968 696 1051 734 hac
1072 699 1117 733 in
1138 703 1259 744 parte
1276 708 1457 734 mouere
1474 697 1770 744 praesumserit,

119 749 190 789 vel
204 749 315 789 alias
330 749 426 788 haec
443 750 702 797 experiundi
718 750 878 788 auidus
895 749 1035 793 fuerit,
1053 756 1172 787 curet
1186 749 1473 788 Instrumenta
1490 762 1512 787 e
1529 750 1664 788 solido
1678 751 1771 788 Me-

53 812 83 838 ιο
119 803 225 842 tallo
237 801 389 842 exad'ta
401 802 594 847 confieri,
611 814 712 851 quae
725 808 859 841 tantae
871 803 949 841 fint
960 803 1288 850 magnitudinis,
1300 809 1343 840 vt
1355 815 1446 841 non
1457 803 1596 841 solum
1609 804 1773 852 singula

119 856 321 905 scrupula
336 858 492 904 prima,
507 856 579 894 sed
591 856 629 894 &
640 856 803 894 horum
818 856 995 899 sextam,
1009 856 1079 894 vel
1095 856 1151 894 ad
1167 858 1403 894 minimum
1419 859 1590 894 tertiam
1606 864 1773 904 partem

120 910 446 949 discriminatim
462 911 654 957 capiant;
670 909 850 958 praecisa
866 912 985 948 enim
1001 912 1236 957 requiritur
1252 912 1298 947 in
1314 909 1397 947 hac
1409 913 1651 958 pragmatia
1663 911 1772 948 scru-

120 963 338 1013 pulofitas,
359 975 412 1001 eo
433 963 552 1011 quod
576 965 636 1008 Θ,
657 963 728 1001 vel
748 965 871 1002 iuxta
891 963 981 1011 ipsa
1000 962 1295 1010 AEquinocffia,
1316 964 1388 1001 vbi
1410 963 1658 1002 Declinatio
1680 967 1773 1002 eius

122 1017 317 1056 velocius
336 1022 532 1055 mutatur
551 1028 628 1065 per
647 1019 820 1055 tertiam
840 1019 970 1055 vnius
990 1019 1149 1054 minuti
1170 1017 1443 1064 particulam,
1467 1019 1512 1054 in
1532 1017 1773 1055 Altitudine

56 1079 87 1105 ¹⁵
122 1070 192 1109 vel
212 1070 520 1109 Declinatione
540 1072 769 1115 variatam,
791 1073 958 1119 integro
979 1070 1181 1118 scrupulo
1202 1070 1339 1114 situm,
1361 1071 1507 1117 quoad
1525 1071 1773 1118 Longitudi-

122 1136 238 1169 nem,
255 1124 418 1163 alteret.
436 1124 656 1163 Conducit
672 1129 821 1162 autem
835 1135 927 1162 non
938 1126 1013 1162 vni
1026 1124 1205 1172 Organo
1215 1123 1519 1161 Astronomico
1531 1126 1575 1161 in
1588 1124 1670 1162 hac
1682 1124 1774 1162 sub-

122 1178 185 1216 tili
205 1177 483 1225 inquisitione
504 1177 652 1222 fidere,
672 1177 743 1216 sed
764 1178 893 1225 plura
913 1177 1134 1220 adhibere,
1156 1183 1301 1225 vtpote
1322 1183 1446 1215 terna
1462 1177 1531 1215 vel
1548 1184 1773 1224 quaterna,

123 1233 247 1270 varia
264 1233 434 1270 ratione
457 1229 665 1275 confecta,
690 1237 766 1270 aut
789 1236 1004 1279 quotquot
1020 1233 1066 1268 in
1081 1236 1257 1278 promtu
1274 1231 1363 1275 esse,
1385 1230 1549 1268 sumtus
1572 1231 1663 1278 (qui
1684 1242 1774 1268 non

123 1287 251 1333 parui
262 1284 563 1332 requiruntur)
578 1290 824 1332 caeteraque
837 1285 1068 1323 necessaria
1080 1285 1324 1322 admittunt.
1343 1284 1522 1331 Sintque
1535 1296 1625 1321 non
1637 1284 1775 1322 solum

54 1347 88 1372 20
125 1338 359 1377 diuifiones
380 1350 535 1376 omnes
555 1340 602 1376 in
621 1337 690 1376 his
709 1338 984 1376 subtilissimae
1005 1337 1044 1375 &
1064 1343 1268 1376 accurata
1289 1338 1511 1385 diligentia
1531 1338 1774 1385 dispartitae,

123 1391 194 1430 sed
205 1393 338 1430 etiam
349 1391 709 1430 Pinnacidiorum
720 1397 852 1439 atque
864 1391 1284 1439 Perpendiculorum
1296 1390 1600 1438 circumspecla
1617 1391 1775 1429 habea-

123 1451 193 1484 tur
213 1457 330 1489 cura,
351 1450 396 1483 vt
415 1447 568 1484 omnia
583 1457 720 1493 quam
736 1445 1063 1493 exquifitissime,
1085 1444 1246 1492 absque
1262 1445 1351 1482 vllo
1367 1447 1485 1487 vitio,
1507 1444 1775 1482 ordinentur.

125 1498 194 1537 De
214 1498 377 1537 horum
396 1504 547 1537 autem
567 1498 606 1537 8(
625 1498 831 1537 fimilium
852 1498 1046 1543 Fabrica‚
1068 1499 1123 1536 ad
1144 1498 1273 1536 instar
1295 1509 1461 1541 eorum,
1483 1509 1583 1545 quae
1604 1510 1631 1535 a
1651 1498 1776 1535 nobis

125 1552 293 1600 aliquot
308 1552 363 1591 ab
379 1552 482 1591 hinc
498 1555 628 1591 annis
644 1551 883 1591 constructa
898 1552 1007 1597 sunt,
1029 1552 1067 1589 8(
1088 1554 1332 1590 etiamnum
1353 1554 1397 1588 in
1414 1551 1489 1589 vsu
1505 1557 1776 1598 permanent,

51 1612 94 1644 69
126 1607 340 1654 quoniam
360 1606 571 1654 peculiari
591 1606 832 1651 volumine,
854 1606 973 1654 quod
993 1608 1186 1653 priorem
1207 1605 1245 1642 &
1266 1601 1614 1654 Mechani-sscam
1636 1604 1776 1641 Astro-

126 1661 290 1698 nomiae
312 1659 606 1698 instauranda:
630 1660 803 1698 Partem
827 1658 1149 1708 complectetur,
1172 1660 1296 1697 breui
1319 1658 1561 1696 luculenter
1585 1658 1777 1705 (fauente

127 1712 244 1752 Coeli
263 1712 394 1761 ipfius
414 1713 708 1760 Fabricatore)
729 1712 912 1752 tractare
934 1713 1144 1755 constitui,
1165 1712 1352 1760 longiori
1375 1711 1639 1759 expositione
1660 1722 1777 1748 nunc

126 1766 493 1814 supersedendum
509 1767 639 1811 duco;
661 1767 704 1805 id
724 1766 875 1805 saltem
892 1766 1101 1805 breuibus
1117 1766 1374 1809 admonens,
1396 1765 1514 1812 quod
1531 1765 1608 1802 nisi
1625 1764 1777 1801 Instru-

126 1825 277 1858 menta
296 1820 352 1858 ad
371 1832 533 1858 manus
552 1820 631 1858 [int
651 1820 770 1858 iustae
790 1820 1118 1868 magnitudinis,
1142 1831 1242 1867 quae
1266 1821 1408 1857 aereae
1431 1820 1663 1856 mutationi
1686 1829 1777 1854 non

57 1881 91 1907 30
127 1872 235 1912 fiant
244 1873 450 1918 obnoxia,
458 1873 496 1911 &
504 1873 802 1912 omnidesedtu
808 1874 1093 1921 vndiquaque
1104 1878 1292 1917 careant,
1301 1872 1452 1910 frustra
1461 1872 1544 1909 hoc
1554 1873 1776 1919 negotium

127 1929 225 1975 quis
245 1927 455 1975 aggressus
475 1927 616 1972 fuerit,
637 1927 927 1975 praestareque
944 1932 987 1965 vt
1002 1938 1188 1964 manum
1205 1938 1227 1964 e
1244 1926 1415 1964 Tabula
1435 1931 1654 1963 amoueat.
1678 1924 1777 1961 Hoc

128 1982 247 2019 enim
261 1980 425 2019 multos
441 1980 653 2019 haetenus
664 1981 734 2019 vel
749 1981 911 2024 fefellit,
928 1980 998 2018 vel
1014 1983 1146 2018 etiam
1162 1980 1318 2018 dubios
1330 1979 1367 2016 8(
1380 1981 1566 2016 incertos
1578 1978 1777 2018 reddidit:

127 2034 240 2072 adeo
251 2039 295 2072 vt
311 2036 500 2072 eximius
516 2034 588 2072 ille
605 2034 818 2073 Italorum
833 2034 1043 2082 superiori
1058 2045 1159 2072 aeuo
1171 2032 1472 2080 Philosophus,
1491 2031 1778 2069 HYERONI-

71 2094 91 2126 †
128 2087 251 2126 MVS
263 2087 591 2126 CARDANVS
607 2100 699 2126 non
715 2088 919 2126 dubitarit
935 2089 981 2125 in
997 2099 1050 2125 eo
1067 2087 1246 2129 Libello,
1264 2097 1396 2133 quern
1412 2086 1464 2123 de
1481 2091 1729 2132 temporum
1742 2084 1778 2121 8(

58 2148 91 2174 35
127 2146 330 2179 motuum
341 2141 606 2179 restitutione
623 2141 729 2189 (qua
740 2141 826 2180 fide
839 2141 877 2179 &
889 2141 1145 2179 certitudine
1158 2152 1249 2178 non
1261 2139 1374 2185 dico)
1392 2138 1606 2186 inscripsit,
1624 2139 1778 2175 asseue-

128 2205 237 2239 rare,
254 2194 427 2232 cursum
446 2196 490 2239 Θ
510 2194 658 2234 exacte
675 2206 962 2242 nequaquam
979 2195 1055 2232 esse
1073 2193 1402 2235 obseruabilem,
1422 2192 1631 2239 siquidem
1649 2203 1700 2229 ea
1717 2193 1778 2228 in-

129 2247 298 2296 quifitio
313 2259 391 2296 per
407 2248 695 2287 Instrumenta
711 2249 953 2287 admodum
970 2248 1047 2286 esse
1063 2247 1242 2295 praecisa
1258 2258 1349 2284 non
1364 2248 1530 2293 poterit.

181 2301 265 2340 Vbi
280 2303 428 2349 itaque
441 2302 621 2350 Organa
637 2307 753 2340 certa
765 2301 803 2339 8(
815 2302 976 2340 idonea
993 2300 1232 2348 conquifita
1248 2300 1420 2341 fuerint,
1438 2299 1688 2337 obseruetur
1705 2309 1780 2344 per

129 2354 225 2393 haec
241 2360 342 2393 ante
359 2357 512 2393 omnia
527 2355 620 2393 Poli
637 2357 732 2393 eius
747 2355 844 2399 loci,
864 2357 909 2393 in
926 2366 1015 2402 quo
1032 2355 1179 2393 Solem
1196 2353 1234 2391 8(
1251 2354 1420 2400 reliqua
1437 2353 1588 2390 Sidera
1604 2351 1778 2388 scrutari

60 2415 94 2440 ⁴⁰
130 2410 307 2446 animus
330 2408 397 2453 est,
420 2408 672 2453 sublimitas,
696 2409 828 2456 idque
852 2420 875 2446 e
899 2408 1290 2455 circumpolaribus
1313 2406 1480 2453 aliquot
1503 2405 1656 2446 Stellis,
1681 2415 1779 2441 cum

130 2460 209 2500 smt
228 2463 274 2499 in
293 2464 491 2500 maxima
512 2461 551 2500 &
570 2464 758 2500 minima
775 2462 1032 2503 Altitudine,
1054 2460 1271 2509 seligendo
1293 2471 1366 2497 eas
1387 2460 1658 2506 potissimum.
1681 2468 1779 2503 quae

130 2513 245 2553 infra
264 2515 527 2553 tricesimum
543 2516 727 2564 gradum
745 2515 981 2553 Horizonti
1002 2526 1094 2552 non
1115 2516 1483 2561 appropinquant.
1506 2523 1594 2558 quo
1612 2510 1779 2548 Refrac-

237 2577 253 2602 ⁸
1610 2566 1779 2601 tionum
