2164 3246
417 217 1076 258 PROGYMNASMATUM
1097 219 1301 258 PRIMA
1323 221 1472 260 PARS
1696 223 1772 262 289

123 327 294 367 seorfim
306 326 591 374 exponendas
602 324 896 369 tranfibimus;
909 325 1120 373 liquidem
1132 327 1279 366 Nouae
1292 328 1436 366 Stellae
1449 329 1771 373 Phaenomenis,

124 393 223 431 quae
239 381 369 419 Libro
385 379 470 417 hoc
488 378 786 427 principaliter
806 378 1029 417 declarare
1050 380 1368 428 proposuimus,
1391 383 1673 421 enucleandis
1695 383 1772 421 fin-

123 435 327 485 gulariter
343 433 603 471 conducant.

127 551 218 597 DE
247 550 644 596 CASSIOPEAE
671 550 943 595 STELLIS
971 551 1474 598 PECULIARITER
1504 555 1592 598 EX
1621 555 1771 599 CER-

73 636 89 661 5
232 619 321 658 TIS
342 619 897 659 OBSERUATIONIBUS
918 619 1429 660 DEMONSTRATIUE
1451 623 1536 660 AD
1558 623 1661 660 AN-

385 681 529 721 NUM
550 681 657 720 1572.
680 681 1076 725 COMPLETUM,
1099 683 1510 723 DISPONENDIS.

215 753 466 793 UONIAM
487 755 534 791 in
553 753 637 791 hoc
657 755 803 800 priore
819 753 962 791 Tomo
979 753 1031 791 de
1049 754 1184 792 Noua
1204 755 1291 798 illa,
1313 767 1413 802 quae
1431 757 1484 793 ad
1503 756 1772 804 Cassiopeam

227 807 363 846 Anno
379 807 487 846 1572.
504 809 698 855 primum
709 807 864 851 illuxit,
881 807 1114 855 posteaque
1127 808 1345 856 disparuit,
1363 809 1507 850 Stella.
1526 822 1578 847 ex
1595 810 1772 857 professo

124 872 251 910 agere
265 860 540 905 instituimus,
558 860 596 898 8(
613 860 816 899 Siderum
828 860 1067 908 Cassiopeae
1080 862 1415 905 animaduersio,
1434 863 1626 910 iustaque
1642 864 1773 901 deno-

59 928 89 954 10
123 916 228 954 tatio
248 913 335 952 huc
355 915 607 962 requiritur;
631 914 820 961 ideoque
841 925 912 952 me
934 926 1025 952 non
1046 916 1151 953 citra
1173 927 1264 953 rem
1286 914 1502 953 faciurum
1526 917 1721 958 arbitror.
1746 917 1773 954 fi

125 979 278 1007 earum
288 969 504 1012 omniurn,
517 979 627 1015 quas
639 979 720 1016 ego
731 967 794 1006 26.
809 967 961 1015 (duplo
973 968 1132 1015 plures,
1147 980 1281 1016 quarn
1293 970 1561 1016 Antiquitas)
1576 982 1773 1013 numero,

125 1033 178 1060 ex
197 1023 322 1060 certis
343 1020 748 1065 Obseruationibus,
770 1021 879 1065 loca,
901 1033 978 1069 per
997 1021 1340 1070 Triangulorum
1361 1022 1688 1070 Sphaericorum
1709 1035 1773 1061 ra-

124 1077 289 1114 tionem
308 1074 646 1113 demonstratiue
668 1074 922 1123 exposuero,
944 1077 1103 1122 partim
1119 1081 1161 1113 vt
1178 1075 1348 1120 constet,
1370 1088 1439 1113 me
1462 1088 1552 1114 non
1569 1088 1647 1124 pro
1664 1077 1774 1114 arbi-

124 1130 219 1174 trio,
234 1127 305 1167 sed
315 1139 479 1176 magna
489 1127 726 1173 sedulitate,
744 1127 782 1166 8(
798 1128 1041 1173 subtilitate,
1059 1128 1219 1166 harum
1231 1129 1330 1167 [itus
1344 1129 1530 1167 Coelitus
1543 1130 1773 1173 deduxisse;

60 1195 90 1221 15
124 1183 294 1231 partim,
310 1186 355 1220 vt
370 1181 521 1229 aliqua
537 1181 751 1229 Exempla
767 1183 813 1220 in
829 1188 1035 1230 promptu
1051 1182 1140 1225 fint,
1159 1183 1383 1230 quomodo
1395 1185 1556 1230 pariter
1568 1183 1774 1221 Fixarum

125 1235 233 1280 loca,
248 1247 326 1284 per
336 1234 573 1274 Distantias
584 1247 612 1274 a
623 1235 796 1273 duabus
812 1235 910 1284 alijs
925 1236 1220 1283 perquirenda
1232 1238 1426 1279 veniant;
1444 1237 1561 1283 quod
1578 1237 1631 1274 fic
1648 1239 1693 1274 in
1710 1239 1773 1284 ijs,

125 1300 225 1338 quae
234 1288 380 1327 versus
389 1288 520 1327 Polos
529 1291 732 1337 vtrinque
742 1289 938 1333 tendunt,
949 1291 1120 1327 certiori
1131 1289 1388 1337 Pragmatiae
1398 1289 1502 1338 subij
1510 1292 1629 1333 citur,
1641 1302 1774 1337 quam

125 1344 235 1382 ratio
250 1342 338 1387 illa,
355 1343 445 1390 qua
460 1342 582 1387 alias,
602 1354 680 1390 per
696 1342 1027 1381 Declinationes
1045 1342 1082 1380 8(
1099 1342 1346 1385 Distantias,
1368 1345 1413 1380 in
1429 1344 1774 1390 praecedentibus

125 1395 184 1434 vfi
197 1395 358 1435 sumus.
375 1395 454 1435 Ista
471 1398 591 1434 enim
602 1398 648 1434 in
660 1396 816 1440 Stellis,
833 1396 1009 1444 plagam
1022 1396 1137 1434 Coeli
1149 1402 1333 1443 vtroque
1346 1397 1452 1434 Polo
1469 1397 1775 1435 intermediam

58 1461 92 1488 20
126 1449 452 1498 occupantibus,
477 1450 740 1497 potissimum
764 1450 912 1488 locum
937 1455 1139 1487 meretur.
1169 1450 1407 1497 Apponam
1432 1452 1559 1498 igitur
1584 1452 1774 1497 primum

126 1508 314 1551 quatuor
329 1503 640 1552 principalium
657 1503 892 1542 Stellarum
909 1503 1234 1551 Longitudines,
1252 1503 1290 1541 8(
1307 1503 1589 1546 Latitudines.
1614 1504 1668 1541 ad
1685 1505 1774 1540 An-

126 1568 234 1596 num
253 1557 316 1596 72.
338 1556 618 1605 completum,
639 1568 667 1595 a
687 1557 847 1605 quibus
867 1559 1070 1595 omnium
1089 1559 1135 1594 in
1157 1556 1381 1604 Cassiopea
1402 1557 1574 1604 positus,
1595 1569 1671 1604 per
1689 1556 1774 1595 Ob-

50 1640 53 1643 .
71 1617 91 1649 †
126 1609 464 1649 seruationem&
474 1610 917 1654 Demonstrationem,
930 1611 1144 1648 deriuaui.
1159 1610 1293 1657 quue
1307 1622 1358 1648 ea
1371 1610 1542 1648 Calculi
1554 1610 1774 1652 methodo,

127 1675 261 1712 quam
271 1675 376 1702 mox
387 1663 602 1703 succincta
617 1664 896 1707 indicatione,
914 1664 1053 1702 oculis
1069 1663 1306 1711 subijciam,
1323 1664 1661 1711 intelligentibus
1677 1663 1774 1701 satis

58 1728 92 1755 2⁵
126 1715 286 1756 dicium
298 1717 563 1756 existimans:
576 1720 743 1756 caeteris
755 1717 851 1756 haec
863 1719 1040 1765 propria
1050 1717 1283 1764 diligentia,
1296 1716 1588 1764 perdiscenda,
1602 1718 1774 1754 enucle-

127 1770 330 1819 andaque
346 1771 562 1819 relinquo.

126 1894 361 1935 TABULA
382 1896 732 1935 CONTINENS
753 1895 1042 1943 QUATUOR
1066 1894 1396 1933 INSIGNIUM
1418 1894 1773 1933 STELLARUM

251 1957 426 2003 LOCA,
448 1958 483 1997 E
504 1958 726 2006 QUIBUS
747 1958 852 1996 PER
874 1957 1230 1996 DISTANTIAS
1253 1956 1650 1997 OBSERUATAS.

317 2020 657 2060 CASSIOPEAE
678 2020 931 2060 STELLAS
952 2019 1250 2066 SEQUENTI
1272 2019 1581 2057 METHODO

58 2092 92 2119 ³0
761 2082 1140 2121 DEDUXIMUS.

907 2179 1148 2205 LONGITVDO
1319 2178 1520 2204 LATn-VDO

348 2211 772 2238 N0M1NASTELLARVM
846 2226 864 2227 a
898 2225 1004 2227 '⁷
1111 2224 1115 2225 γ
1153 2225 1169 2226 W

320 2332 486 2372 Lucida
504 2339 551 2374 V

319 2386 575 2425 Aldebaran

59 2446 93 2473 ³⁵
321 2439 507 2478 Inferius
523 2446 653 2488 caput
678 2443 712 2483 II

321 2492 507 2541 Capella

233 2579 267 2605 37
1475 2567 1773 2606 STELLULA
