2164 3246
396 232 1056 272 PROGYMNASMATUM
1078 234 1281 273 PRIMA
1303 235 1454 276 PARS
1701 238 1751 276 85

102 339 196 379 fieri
213 339 468 378 omnimode
484 339 625 387 posset,
642 338 757 377 hanc
770 339 1141 387 scrupulofitatem
1152 341 1372 387 adhibere,
1390 355 1481 382 non
1493 344 1598 382 duxi
1610 344 1751 392 super-

103 404 364 432 uacaneum.
381 392 585 431 Versatur
601 397 750 430 autem
766 392 841 431 Sol
857 395 902 431 in
918 396 1114 432 maxima
1130 398 1373 434 remotione
1390 399 1503 435 circa
1519 397 1752 436 Solstitium

102 446 331 491 AEstiuum,
354 446 424 484 vel
446 448 591 494 potius
614 445 749 494 paulo
772 446 861 494 post
885 447 1037 485 Mense
1059 447 1204 486 Iunio:
1228 450 1274 486 in
1296 452 1481 489 minima
1504 463 1608 489 vero
1631 453 1753 489 iuxta

21 507 82 539 100
103 500 368 549 Hybernum
391 501 437 538 in
458 499 709 538 Decembri:
733 511 869 547 prope
893 501 1086 539 mediam
1107 498 1121 550 ΙΙ
1143 501 1468 550 elongationem
1492 504 1546 542 ad
1570 510 1752 552 vtraque

50 562 66 588 5

36 829 67 855 10

36 1096 66 1122 15

30 1685 64 1711 25

31 2487 66 2513 ⁴0

102 551 397 602 AEquinoc‘tia,
420 555 467 591 in
487 553 653 592 Martio
673 552 711 590 8(
733 552 987 601 Septembri.
1012 555 1157 602 Atque
1181 554 1283 593 hinc
1304 556 1473 604 reliqua
1493 557 1752 601 discrimina,

103 618 204 655 quae
219 618 312 645 non
327 606 424 645 sunt
438 608 588 655 magni
603 608 830 650 momenti,
846 606 1077 645 limitanda
1093 610 1287 646 veniunt.

156 659 547 708 Quemadmodum
558 671 664 698 vero
676 658 972 698 Refrafflones
985 662 1098 699 circa
1109 661 1402 700 Horizontem
1417 662 1553 701 subito
1565 665 1754 702 multum

103 714 355 758 alterantur,
372 715 419 752 in
434 713 578 752 altiori
594 725 699 751 vero
716 712 795 751 fitu
810 714 1093 761 pedetentim:
1115 714 1168 752 fic
1185 714 1436 754 Parallaxes
1453 723 1603 755 contra
1619 729 1754 765 prope

103 767 342 806 Finitorem
358 767 433 806 diu
449 767 609 805 similes
624 766 714 805 fere
730 773 1003 814 permanent,
1025 768 1081 806 ad
1097 770 1304 806 verticem
1320 781 1424 807 vero
1440 770 1672 814 tendendo,
1690 783 1754 809 ce-

102 821 308 860 leriorem
329 822 622 859 mutationem
644 822 889 868 acquirunt.
915 820 1175 859 Notandum
1197 824 1329 860 etiam
1350 822 1587 871 diligenter.
1612 824 1754 862 Paral-

102 874 224 914 laxes
235 873 384 913 Solem
394 876 441 913 in
453 874 615 913 circulo
627 873 821 913 verticali
831 874 940 912 iusto
952 874 1236 913 decliuiorem
1248 876 1445 920 reddere;
1463 876 1756 916 Refrac‘tiones

103 933 252 967 autem
267 927 485 967 viceversa
506 939 609 966 eum
630 929 819 966 nimium
839 928 1050 973 attollere,
1073 940 1173 976 quae
1195 931 1241 967 in
1262 928 1423 967 horum
1444 930 1519 968 vsu
1540 930 1634 968 sunt
1655 943 1754 969 con-

102 981 342 1026 fideranda,
364 987 408 1020 vt
427 987 559 1020 antea
579 983 712 1020 etiam
732 983 1002 1020 monuimus.
1025 982 1112 1020 Esse
1134 988 1282 1021 autern
1304 989 1514 1031 perpetuo
1531 983 1678 1022 locum
1695 984 1754 1023 Si-

103 1035 230 1080 deris,
246 1034 285 1074 &
301 1034 562 1080 Refrad'tum,
579 1035 617 1073 &
634 1035 854 1074 Parallaxi
874 1035 1130 1081 obnoxium,
1152 1048 1240 1074 vna
1261 1048 1361 1074 cum
1377 1037 1493 1075 Vero
1515 1037 1568 1075 ab
1590 1037 1658 1076 his
1679 1040 1754 1076 im-

102 1090 241 1134 muni,
252 1090 299 1128 in
310 1089 468 1128 eodem
479 1088 673 1128 verticali
683 1088 876 1134 Circulo,
888 1091 1036 1127 notius
1045 1089 1196 1128 Peritis
1208 1090 1404 1133 arbitror,
1418 1102 1552 1138 quam
1564 1097 1607 1129 vt
1618 1091 1756 1129 multa

103 1142 384 1191 indagatione
405 1147 544 1191 egeat:
566 1144 674 1190 quin
691 1142 729 1181 8(
744 1154 822 1190 per
836 1142 877 1181 se
895 1154 948 1181 ex
964 1141 1191 1181 antedictis
1211 1143 1309 1182 satis
1327 1144 1512 1191 idipsum
1529 1145 1754 1193 colligitur.

162 1221 244 1261 DE
263 1222 819 1262 DECLINATIONIBUS
839 1223 1111 1262 PARTIUM
1134 1223 1470 1267 ECLIPTICAE,
1493 1224 1530 1262 8(
1552 1224 1696 1271 QUAE

570 1284 704 1324 HUC
724 1285 1013 1324 PERTINET
1033 1285 1288 1325 TABULA.

205 1355 650 1404 BLIQUATIONES
673 1356 891 1405 graduum
914 1357 1146 1405 Eclipticae,
1172 1357 1332 1405 quibus
1355 1358 1408 1396 ab
1432 1358 1673 1406 AEquatore
1697 1358 1754 1396 se-

218 1411 471 1459 iunguntur‚
488 1409 614 1448 facile
630 1421 707 1458 per
723 1409 942 1450 adiunctae
959 1411 1130 1459 Figurae
1147 1413 1388 1456 ratiocinia,
1409 1411 1602 1459 sequenti
1621 1412 1754 1450 modo

102 1462 311 1512 indagare
327 1463 482 1502 licebit.

156 1516 218 1556 Sit
238 1516 390 1556 HKM
412 1517 635 1565 quadrans
659 1517 892 1566 Eclipticae,
916 1518 1029 1556 HIL
1050 1518 1316 1566 AEquatoris,
1341 1521 1416 1566 qui
1439 1518 1478 1557 se
1502 1518 1755 1557 intersecent

102 1571 148 1609 in
167 1569 330 1619 punc‘to
350 1570 410 1615 H,
431 1570 681 1610 Declinatio
702 1573 910 1616 maxima,
932 1583 1022 1619 qua
1042 1574 1234 1610 inuicem
1255 1578 1551 1615 remouentur,
1574 1572 1628 1610 est
1650 1572 1753 1616 LM,

102 1635 239 1672 quam
260 1624 428 1673 aliquot
451 1624 796 1673 praecedentium
1299 1645 1312 1681 1

1180 1692 1291 1705 ''V—‚-

100 1689 323 1717 annorum
345 1680 559 1717 accuratis
581 1678 794 1717 Obserua-
1477 1671 1480 1674 ’

100 1730 293 1793 tionibus
306 1731 518 1794 peculiari
531 1731 754 1794 methodo,
772 1743 794 1770 e
933 1739 1019 1782 ί
1150 1690 1678 1943 ἦ
1694 1719 1742 1763 l-

100 1784 794 1830 PohmdehcetAlutumne‚1deo-
840 1770 880 1808 H
1288 1802 1410 1853 RNV

1678 1925 1747 1967 M

101 1849 186 1887 que
198 1840 331 1878 etiam
339 1838 607 1887 AEquatoris‚
619 1839 795 1887 praecise

101 1893 285 1941 cognita,
300 1891 339 1931 8(
352 1892 466 1932 Solis
478 1895 525 1931 in
538 1892 724 1932 Solstitio
737 1904 794 1931 ae-

100 1945 221 1991 stiuo,
239 1946 313 1985 vbi
331 1945 595 1986 Refratstioni
611 1946 795 1985 sensibili

101 2010 192 2038 non
208 1999 264 2038 est
279 1999 512 2045 obnoxius,
533 2000 704 2038 summa
720 2000 993 2043 Eleuatione,
1015 1999 1162 2038 addita
1179 2001 1272 2037 eius
1290 1999 1519 2042 Parallaxi,
1542 2000 1751 2038 adiuueni

101 2052 144 2091 P.
160 2052 223 2092 23.
242 2051 268 2101 l.
285 2053 362 2094 31³5.
378 2059 422 2092 vt
439 2053 544 2092 alibi
564 2065 742 2102 quoque
763 2053 996 2101 aliquoties
1017 2053 1245 2091 indicatur.
1269 2052 1405 2090 Lubet
1426 2052 1528 2090 scire
1549 2051 1697 2100 puntfli
1714 2053 1752 2090 K

100 2107 147 2145 in
165 2106 373 2155 Ecliptica
389 2106 758 2151 Declinationem,
781 2118 916 2155 quarn
937 2109 1113 2144 metitur
1129 2108 1271 2144 Arcus
1293 2106 1369 2149 ΙΚ,
1392 2107 1446 2144 ad
1463 2106 1752 2154 AEquatorem

101 2159 446 2209 orthogonaliter
462 2159 629 2199 ductus.
647 2160 875 2208 Quoniam
892 2163 1038 2208 itaque
1052 2162 1096 2198 in
1108 2160 1348 2208 Triangulo
1366 2160 1410 2197 H
1421 2160 1484 2197 IK
1501 2159 1751 2208 rectangulo

100 2215 223 2252 iuxta
236 2213 266 2258 I,
282 2214 411 2253 datur
422 2214 626 2263 Angulus
642 2214 773 2259 IHK,
791 2226 924 2262 quem
940 2216 1115 2252 metitur
1128 2213 1376 2252 Declinatio
1393 2215 1600 2257 maxima,
1618 2213 1656 2251 8(
1673 2214 1751 2252 La-

101 2271 170 2306 tus
181 2267 275 2306 HK
286 2279 363 2316 per
374 2268 600 2306 assumtam
611 2268 816 2316 propofiti
830 2268 914 2306 loci
928 2267 1147 2315 Eclipticae
1160 2268 1213 2306 ab
1226 2266 1540 2315 AEquinocliali
1552 2266 1752 2305 contadtu

101 2321 486 2369 intercapedinem,
509 2323 555 2360 in
577 2327 754 2370 promtu
777 2321 839 2365 fit;
863 2321 962 2359 ideo
984 2322 1086 2359 dato
1107 2321 1333 2369 Trianguli
1355 2319 1592 2369 rec‘tanguli
1616 2321 1752 2358 altero

101 2374 291 2423 Angulo,
303 2386 405 2413 cum
415 2374 550 2413 latere
562 2375 682 2423 quod
694 2374 809 2414 redto
821 2377 1071 2423 opponitur,
1084 2386 1175 2412 non
1187 2374 1319 2422 fugiet
1332 2374 1464 2412 Latus
1477 2374 1535 2411 IK
1549 2374 1751 2412 Declina-

101 2428 266 2466 tionem
282 2428 508 2476 quaefitam
524 2428 765 2467 ostendens.

154 2481 300 2530 Atque
309 2483 355 2520 in
364 2481 483 2520 hunc
492 2482 688 2526 modum,
698 2493 775 2530 per
784 2488 924 2520 toturn
935 2482 1239 2529 quadrantem,
1250 2493 1341 2519 non
1351 2480 1489 2518 solum
1500 2481 1553 2518 ad
1565 2480 1751 2528 fingulos

101 2534 273 2582 gradus,
289 2534 359 2574 sed
375 2537 508 2574 etiam
524 2535 686 2574 horum
703 2535 931 2574 Sextantes
942 2535 1160 2573 Tabulam
1175 2534 1534 2572 Declinationum
1551 2533 1750 2571 subduxi-

1640 2597 1749 2623 mus.
