2164 3246
434 220 1094 259 PROGYMNASMATUM
1116 221 1321 259 PRIMA
1343 221 1494 260 PARS
1717 222 1795 260 223

138 331 244 374 part.
262 327 325 364 54.
344 324 369 374 l.
386 326 472 370 22³1,
495 326 746 364 Declinatio
763 327 903 374 Spicae
921 333 969 376 1η)
986 329 1212 366 inuenitur
1227 334 1330 366 tunc
1349 328 1465 366 fuisse
1485 334 1593 375 part.
1610 328 1646 367 8.
1666 327 1691 377 l.
1708 329 1794 373 332,

137 379 345 418 deficiens
365 380 420 418 ab
442 382 536 417 eius
556 382 845 418 annotatione
863 379 888 428 l.
905 381 964 425 2³1,
987 387 1203 428 quantum
1224 383 1356 420 etiam
1378 384 1424 419 in
1440 382 1684 421 Altitudine
1701 383 1794 421 Poli

137 432 413 471 defideratur.
430 432 642 471 Adhibita
658 445 776 471 nunc
793 445 897 472 vera
914 434 1162 472 Latitudine
1180 434 1320 482 Spicae
1338 441 1386 483 m)
1404 441 1511 482 part.
1525 436 1551 474 l.
1568 434 1593 483 l.
1606 436 1657 474 59
1673 438 1794 483 prius

136 492 318 534 reperta,
336 486 643 534 applicataque
655 489 826 524 veriore
839 487 1147 526 Declinatione
1164 490 1373 532 maxima,
1391 491 1469 526 erit
1486 500 1539 526 ex
1555 489 1690 527 tribus
1702 489 1793 527 Tri-

83 552 99 577 5
136 539 286 588 anguli
309 540 431 578 DHI
454 542 568 577 notis
592 539 832 583 Lateribus‚
856 541 1059 588 Angulus
1083 541 1204 578 IHD
1228 547 1334 589 part.
1358 542 1420 580 72.
1444 540 1469 589 l.
1491 542 1576 582 5632.
1601 543 1793 590 Ideoque

135 593 276 641 Spicae
292 595 478 631 remotio
495 593 549 631 ab
565 592 850 640 AEquinoctio
867 594 1130 632 Autumnali
1147 601 1254 642 part.
1273 595 1325 633 17.
1345 593 1370 642 l.
1387 595 1429 635 33.
1455 599 1513 639 2‘2,
1531 596 1793 634 antecedens

136 646 467 694 Copernianam
483 648 820 684 annotationem
836 646 953 685 sexta
969 650 1169 694 proxime
1186 654 1308 695 parte
1324 651 1454 686 vnius
1470 650 1642 696 gradus.
1665 649 1714 687 In
1733 650 1792 688 al—

134 705 227 738 tera
241 711 348 738 vero
364 711 500 747 quam
516 700 652 737 Anno
669 700 763 738 1525
785 699 938 738 habuit
956 700 1287 745 Obseruatione,
1308 701 1539 740 limitando
1557 705 1689 741 etiam
1706 703 1792 741 De-

134 753 431 797 clinationem,
453 752 508 791 ob
529 753 721 800 paucula
742 753 901 800 quibus
922 754 1015 791 Poli
1033 754 1233 792 Eleuatio
1254 755 1372 802 apud
1394 767 1496 793 eum
1517 755 1661 794 deficit
1681 756 1792 794 scru-

67 818 97 843 10
133 806 251 854 pula,
276 808 355 844 erit
376 806 452 844 illa
474 812 582 854 part.
599 806 636 844 8.
655 804 681 854 l.
698 806 761 844 37.
780 805 823 854 ll.
841 807 894 844 15.
919 808 1065 854 Atque
1090 807 1191 846 hinc
1216 810 1383 846 caeteris
1403 808 1444 846 se
1465 808 1729 847 habentibus
1749 815 1792 848 vt

133 862 266 908 prius,
288 860 436 898 euadit
452 859 655 908 Angulus
677 859 811 903 IHD,
836 866 943 907 part.
961 861 1023 898 72.
1043 859 1068 908 l.
1086 862 1149 904 46,
1171 862 1359 909 ideoque
1382 862 1629 910 Longitudo
1651 863 1792 910 Spicae

45 919 105 950 221
133 915 179 951 in
191 909 206 964 ΙΙ
217 919 324 961 part.
334 913 387 952 17.
400 911 425 961 l.
436 913 476 951 14
488 917 529 956 Q
538 944 546 958 ‚
561 913 680 960 quod
691 912 876 960 septenis
888 913 1099 961 scrupulis
1112 915 1444 962 Copernianam
1457 918 1792 954 annotationem

133 968 378 1005 anteuertit.
389 966 548 1014 Neque
559 968 678 1005 enim
687 966 887 1005 constans
894 967 932 1004 &
941 978 1011 1004 ex—

135 1019 288 1068 quisita
307 1022 353 1058 in
373 1020 555 1058 dimidio
575 1019 790 1067 scrupulo,
812 1020 882 1058 vel
902 1019 1011 1058 forte

67 1085 97 1110 15
134 1075 266 1112 etiam
299 1075 466 1121 integro
501 1075 595 1111 eius
628 1073 709 1111 fuit
739 1073 1010 1112 Obseruatio.

134 1126 427 1165 Conciliando
439 1129 587 1174 itaque
598 1126 707 1171 haec,
722 1126 1012 1165 verofimilius

132 1179 376 1225 fecerimus,
386 1179 416 1218 fi
425 1180 481 1219 ad
490 1181 676 1218 Annum
685 1180 871 1218 Domini
882 1182 1010 1218 inter·
1035 1191 1094 1235 ,Α

132 1233 329 1272 medium
358 1233 455 1272 1520
484 1233 625 1282 Spicae
657 1234 1010 1282 Longitudinem,

131 1287 279 1325 medio
302 1299 480 1335 quoque
503 1287 637 1326 modo
660 1289 772 1325 inter
794 1293 1010 1335 vtranque

62 1351 96 1376 20
133 1340 404 1379 Obseruatio.
421 1340 462 1379 l'e
477 1340 727 1385 habentem,
747 1340 1010 1379 constitueri-
1044 1330 1086 1371 Ε

131 1405 231 1432 mus
255 1396 301 1432 in
325 1394 368 1432 P.
390 1394 442 1433 17.
466 1392 491 1442 Ι.
512 1394 560 1434 δὲ
586 1398 645 1438 -2,
671 1394 790 1442 quod
814 1394 1010 1439 Veritati‚

132 1453 348 1495 quantum
360 1459 414 1485 ex
425 1447 508 1486 istis
522 1447 912 1486 Obseruationibus
925 1448 1010 1486 col-

131 1500 262 1549 ligere
278 1500 389 1546 licet,
405 1503 650 1549 proximius
667 1503 758 1539 erit.
780 1501 938 1549 Sicque
955 1502 1009 1540 ab

132 1565 185 1592 eo
213 1554 432 1602 Tempore
462 1554 594 1602 vsque
625 1556 671 1593 in
700 1555 887 1592 Annum
915 1555 1009 1593 1585

61 1617 95 1643 25
131 1607 399 1656 completum
427 1608 663 1646 interuallo
690 1609 930 1646 Annorum
958 1609 1009 1647 65

130 1662 343 1710 progressa
364 1661 732 1710 depraehendetur
755 1662 895 1710 Spica,
921 1673 1011 1700 vna

131 1726 232 1753 cum
247 1717 415 1753 caeteris
431 1715 654 1754 Sideribus
671 1715 788 1753 Fixis
803 1716 853 1754 55
872 1714 897 1763 l.
914 1717 1127 1763 proxime,
1145 1716 1276 1763 idque
1294 1718 1427 1754 etiam
1443 1729 1469 1755 a
1484 1720 1589 1756 'vero
1607 1730 1697 1756 non
1714 1719 1786 1757 ad-

130 1768 314 1807 modum
336 1768 557 1817 discrepat,
581 1774 625 1807 vt
648 1769 758 1807 alias
781 1769 955 1816 patebit.
981 1770 1128 1816 Atque
1154 1769 1250 1807 haec
1274 1770 1326 1808 de
1350 1769 1650 1818 Copernicaeis
1674 1774 1787 1810 circa

131 1821 306 1869 Spicam
327 1822 590 1861 Obseruatis.
615 1822 748 1860 Nunc
769 1822 807 1860 &
826 1823 1123 1861 Werneriana
1144 1825 1399 1862 examinare
1421 1824 1573 1871 placet,
1597 1836 1786 1873 cumque

60 1885 94 1911 30
130 1874 199 1913 his
215 1874 253 1913 &
269 1875 421 1914 nostris
437 1875 647 1914 conferre.

183 1928 502 1968 IOHANNES
513 1929 840 1968 WERNERVS
858 1929 1199 1977 Noribergenfis‚
1218 1932 1263 1968 in
1280 1942 1333 1968 eo
1346 1930 1581 1978 Opusculo‚
1599 1932 1717 1979 quod
1735 1932 1787 1970 de

73 1987 94 2018 †
130 1987 254 2020 motu
271 1980 454 2021 Odtauae
471 1982 667 2031 Sphaerae
686 1983 871 2030 (vtinam
887 1983 1000 2021 adeo
1016 1995 1134 2027 vero,
1157 1995 1292 2031 quam
1308 1984 1532 2032 ingenioso
1549 1985 1787 2032 profundo-

130 2035 232 2083 que)
248 2035 465 2084 inscripfit,
481 2038 614 2074 trium
626 2036 879 2075 Affixarum
894 2036 1129 2075 Stellarum
1146 2037 1490 2081 Declinationes,
1507 2050 1584 2085 per
1601 2038 1787 2086 Regulas

129 2088 430 2134 Ptolemaicas,
447 2102 473 2128 a
484 2089 524 2128 se
537 2089 795 2138 Noribergae
808 2090 976 2128 caelitus
988 2092 1193 2128 inuentas
1205 2093 1395 2138 exponit.
1414 2091 1599 2129 Bafilisci
1611 2099 1718 2139 part.
1732 2093 1785 2130 14.

60 2152 93 2178 35
131 2139 157 2190 l.
173 2142 232 2187 71,
254 2142 394 2190 Spicae
411 2149 460 2191 m>
477 2148 585 2191 part.
602 2143 638 2181 8.
658 2142 683 2191 l.
700 2143 786 2183 2911.
809 2144 967 2182 Merid.
986 2144 1144 2182 Lancis
1161 2144 1303 2182 Librae
1320 2150 1427 2191 part.
1445 2145 1497 2183 13.
1517 2143 1541 2193 l.
1559 2145 1644 2189 38¹2,
1666 2145 1786 2183 hinc-

130 2207 215 2243 que
230 2196 549 2244 praesuppofitis
566 2196 727 2235 harum
739 2197 974 2235 Stellarum
987 2197 1310 2236 Latitudinibus
1325 2200 1351 2246 ij
1357 2198 1474 2236 [dem
1487 2210 1597 2246 quas
1608 2199 1786 2237 Veteres

129 2248 213 2287 illis
224 2250 526 2294 attribuerunt,
544 2250 841 2298 Propofitione
853 2250 1069 2295 Secunda,
1087 2263 1241 2289 earum
1254 2251 1568 2299 Longitudines
1581 2264 1785 2300 compen-

129 2302 289 2341 diofius
305 2302 462 2348 adhuc,
485 2315 620 2351 quam
636 2304 825 2351 praestitit
842 2306 887 2341 in
904 2304 1031 2351 Spica
1049 2304 1420 2343 COPERNICVS
1441 2307 1640 2349 rimatur;
1662 2317 1785 2353 repo-

129 2357 279 2404 nitque
292 2356 382 2395 Cor
394 2357 555 2395 Leonis
569 2359 614 2395 in
628 2357 671 2395 P.
684 2357 746 2395 22.
762 2355 787 2405 l.
800 2357 851 2395 42
868 2359 926 2402 Ω.
944 2357 1120 2405 Spicam
1132 2364 1180 2406 τη)
1198 2360 1243 2395 in
1260 2364 1367 2406 part.
1380 2358 1432 2396 16.
1448 2357 1460 2406 l
1466 2390 1472 2396 .
1486 2359 1536 2397 53
1545 2361 1555 2397 ,ἱ
1575 2363 1633 2402 -2,
1652 2359 1785 2397 Meri-

60 2419 93 2444 40
130 2408 353 2448 dionalem
368 2422 474 2448 vero
486 2410 679 2448 Lancem
695 2413 741 2448 in
757 2416 864 2458 part.
877 2411 913 2449 8.
929 2410 954 2458 l.
967 2411 1006 2448 14
1026 2417 1081 2459 m.
1100 2411 1215 2457 Quae
1228 2411 1573 2460 Longitudinum
1590 2411 1785 2451 collectio

130 2473 230 2500 cum
255 2463 407 2502 nostris
428 2475 504 2511 per
526 2466 706 2502 vnicum
728 2464 1020 2512 Triangulum
1045 2467 1284 2513 ratiocinijs
1310 2465 1506 2512 superius
1532 2466 1587 2503 ad
1611 2466 1784 2513 Spicam

130 2515 341 2561 indicatis,
364 2516 605 2555 secundum
628 2517 702 2555 ista
725 2518 827 2556 data
847 2517 946 2556 satis
966 2518 1077 2556 bene
1099 2520 1310 2566 congruit,
1335 2518 1411 2556 nifi
1433 2519 1550 2565 quod
1572 2521 1617 2556 in
1624 2519 1783 2609 ξοῐᾴε

1661 2583 1783 2609 eonis
