2164 3246
402 211 1059 253 PROGYMNASMATUM
1081 213 1389 253 SECUNDA
1410 216 1560 255 PARS
1728 219 1803 257 427

77 329 140 362 478
163 319 469 367 consequentia
487 330 565 367 per
584 318 725 367 ipsum
741 319 907 358 Orbem
923 320 1195 365 Saturnium;
1217 322 1274 359 At
1293 328 1490 360 centrum
1505 326 1687 362 minoris
1705 336 1803 363 con-

161 374 306 413 traniti
328 374 375 411 in
399 371 653 420 Peripheria
676 372 810 411 huius
834 376 976 421 primi,
1002 380 1132 422 atque
1157 374 1210 412 fic
1234 377 1280 413 in
1305 377 1606 415 antecedentia
1631 377 1803 421 reflecti,

162 432 311 466 contra
325 430 497 464 motum
512 427 724 474 praecipui
737 426 878 471 Orbis,
895 427 1114 466 statuatur.
1132 428 1199 466 Sic
1211 429 1355 467 rursus
1368 429 1546 468 Planeta
1558 432 1603 468 in
1619 433 1803 469 minimo

161 480 248 519 flue
269 479 457 518 secundo
480 478 653 518 circello
676 479 990 528 consequenter
1013 484 1241 520 circuitum
1263 485 1439 530 peragit,
1463 490 1614 521 contra
1634 491 1802 522 motum

111 549 128 575 5
162 535 296 573 centri
310 532 502 572 eiusdem
517 534 563 571 in
579 534 722 581 primo
741 533 818 572 illo
835 533 873 571 &
888 537 1072 579 maiore;
1095 547 1283 583 cumque
1303 538 1339 574 is
1360 537 1520 584 duplex
1541 538 1803 585 intelligatur

159 2132 349 2182 respectu
363 2136 571 2173 motionis
584 2134 647 2173 sui
659 2136 794 2173 centri
805 2136 851 2172 in
862 2137 1004 2182 primo
1017 2133 1238 2176 Orbiculo.
1256 2133 1301 2171 fit
1312 2139 1355 2171 vt
1366 2135 1535 2180 quoties
1547 2135 1591 2170 in
1604 2134 1800 2180 Apogaeo

158 2186 228 2226 vel
242 2186 436 2236 Perigaeo
451 2190 574 2227 iuxta
590 2188 689 2226 KM
705 2187 986 2226 constituatur
1001 2187 1145 2231 Stella,
1166 2187 1332 2234 semper
1351 2186 1395 2224 fit
1411 2187 1527 2233 apud
1545 2185 1584 2232 Q
1601 2188 1800 2232 proxima

159 2245 306 2279 centro
321 2241 354 2279 F
368 2243 498 2290 primi
514 2242 686 2280 circelli.
708 2242 757 2279 In
776 2242 931 2289 medijs
947 2253 1051 2279 vero
1069 2241 1397 2287 Quadrantibus
1413 2242 1533 2277 iuxta
1551 2239 1591 2276 N
1609 2239 1646 2276 &
1664 2239 1696 2276 L
1713 2239 1800 2276 vbi-

159 2304 244 2342 que
263 2295 381 2342 apud
398 2295 438 2334 Ο
454 2297 501 2334 in
520 2297 718 2334 maxima
738 2307 765 2333 a
785 2301 933 2333 centro
954 2297 1134 2332 maioris
1155 2293 1313 2331 circelli
1334 2295 1577 2331 remotione
1598 2292 1799 2329 versatur.

92 2356 124 2383 ιο
159 2346 386 2395 Oportebit
404 2353 554 2387 autem
574 2348 736 2387 horum
757 2348 947 2387 duorum
965 2348 1238 2385 circellorum
1254 2347 1387 2394 plana
1403 2347 1489 2383 vna
1507 2357 1605 2383 cum
1622 2346 1800 2392 planitie

158 2401 476 2449 principalioris
486 2401 616 2441 Orbis
626 2401 801 2450 prorsus
811 2402 1066 2440 coincidere.
1080 2401 1198 2439 Nam
1208 2400 1325 2447 quod
1336 2399 1468 2438 Stella
1477 2401 1595 2437 varie
1609 2401 1653 2436 in
1666 2399 1800 2436 latum

158 2452 214 2492 ab
236 2453 442 2502 Ecliptica
464 2455 713 2504 digreditur,
737 2467 828 2494 non
851 2455 953 2493 hinc
976 2455 1044 2492 sed
1068 2454 1246 2492 aliunde
1270 2453 1539 2491 occasionem
1563 2454 1722 2498 arripit.
1749 2452 1800 2487 de

159 2517 247 2554 qua
261 2507 371 2546 alias
386 2508 564 2552 dicetur,
582 2509 762 2557 quando
778 2509 874 2547 haec
890 2507 1276 2546 fundamentaliter
1291 2505 1514 2544 tractanda
1526 2504 1798 2594 venissgt'l'vm

263 2567 314 2594 ⁵⁴⁸
1605 2571 1644 2594 vl
1680 2569 1700 2594 e
1721 2564 1798 2593 icet
