2164 3246
383 204 1043 244 PROGYMNASMATUM
1065 206 1372 246 SECUNDA
1394 209 1544 247 PARS
1716 210 1791 249 397

198 315 261 354 Ex
281 313 364 352 hoc
385 312 629 351 discrimine
650 311 962 357 distantiarum,
984 314 1102 360 quod
1124 314 1373 353 exhibuisset
1395 316 1488 354 haec
1508 316 1641 354 Stella
1662 319 1707 354 in
1728 317 1791 355 su—

144 379 295 418 prema
314 372 445 415 atque
463 365 619 404 infima
634 365 891 410 Altitudine‚
908 378 935 404 a
952 366 1188 414 Cassiopeae
1206 368 1427 407 Sideribus
1448 372 1646 417 proxime
1667 370 1792 408 fimul

145 421 446 461 Meridianum
461 419 783 458 transeuntibus
799 419 898 458 satis
914 420 1096 458 euidens
1113 421 1179 465 est,
1198 433 1296 459 eam
1313 434 1392 460 nec
1409 425 1521 461 circa
1538 423 1689 466 Lunae,
1712 436 1791 462 nec

144 477 275 514 etiam
285 474 398 513 Solis
413 473 572 511 limites
586 472 821 511 constitisse:
839 472 1065 520 Siquidem
1082 474 1229 513 exacte
1242 482 1424 523 vtroque
1441 479 1485 514 in
1503 477 1599 514 loco
1616 489 1691 524 per
1704 477 1789 515 Ob-

91 544 107 570 5
143 529 434 568 seruationem
456 527 511 565 ab
537 526 606 564 his
629 527 817 564 eandem
842 527 1027 574 praebuit
1052 529 1436 576 intercapedinem.
1463 542 1597 577 quam
1621 530 1729 578 Cap.
1755 531 1789 568 4.

143 581 439 625 exhibuimus;
456 582 516 619 ita
526 585 571 618 vt
583 591 638 618 ne
650 581 886 618 minimum
899 581 1003 628 quid
1015 581 1187 619 subesset
1200 582 1509 629 discrepantiae,
1527 595 1626 630 quae
1643 590 1790 622 tamen

143 636 289 684 quoad
313 635 488 673 Lunam
512 635 730 682 integrum
755 634 938 682 gradum
965 636 1010 672 in
1036 635 1294 682 quibusdam
1319 635 1454 674 ferme
1480 639 1716 684 attingeret,
1745 640 1790 675 in

142 688 368 729 nonnullis
384 689 517 726 etiam
533 693 811 735 exuperaret;
833 689 878 725 in
899 687 1096 726 distantia
1113 689 1166 726 ab
1184 689 1425 728 Vndecima
1442 690 1479 728 8(
1497 690 1683 728 Flexura
1700 702 1790 728 non

143 743 320 792 quidem
335 741 391 781 est
406 747 497 780 tam
512 752 726 789 magnum
742 740 982 785 discrimen,
999 747 1147 779 tamen
1164 742 1308 780 adhuc
1325 743 1422 781 satis
1439 744 1632 785 euidens.
1651 743 1688 781 8(
1703 744 1788 781 Vn-

76 810 107 836 10
142 796 311 836 decima
325 795 413 840 illa,
430 796 646 843 quoniam
661 795 774 833 adeo
790 806 925 842 prope
938 795 1119 833 Nouam
1136 795 1226 839 fuit,
1244 796 1312 834 vel
1325 796 1414 834 solo
1426 797 1592 834 oculari
1605 796 1788 844 aspectu.

142 861 240 890 eam
249 849 420 889 nullam
428 849 656 887 admittere
667 848 918 886 Parallaxin
929 848 1149 886 ostendere
1159 852 1310 897 potuit,
1321 850 1530 897 liquidem
1540 856 1630 888 tam
1640 850 1766 897 supra
1775 847 1788 899 ΙΙ

55 911 118 944 437
141 915 275 952 quam
291 902 406 941 infra
416 902 586 946 Polum,
602 901 776 949 prorsus
792 902 1022 949 aequaliter
1037 902 1092 940 ab
1105 914 1157 940 ea
1171 906 1389 941 remoueri
1402 904 1670 945 cernebatur,
1688 915 1787 941 cum

140 962 288 996 tamen
303 968 380 1005 per
395 956 506 994 duas
521 957 669 994 tertias
681 957 811 993 vnius
827 956 999 1003 gradus.
1016 958 1193 1003 propior
1210 956 1271 993 illi
1288 956 1419 994 fuisset
1436 959 1481 994 in
1496 959 1642 995 citima
1654 959 1788 1004 quam

141 1013 187 1049 in
201 1010 403 1059 suprema
413 1009 670 1053 Altitudine‚
688 1020 789 1056 quae
805 1008 906 1047 sane
924 1011 1293 1057 appropinquatio
1306 1011 1360 1048 ad
1375 1012 1580 1048 intuitum
1597 1010 1694 1048 satis
1711 1010 1786 1048 dis-

75 1078 105 1104 15
141 1066 259 1103 cerni
273 1068 458 1112 poterat:
474 1068 519 1101 vt
534 1065 667 1101 mirer
682 1062 794 1100 vllos
810 1062 925 1100 fuisse
943 1063 1295 1105 Mathematicos.
1318 1064 1429 1101 adeo
1446 1064 1596 1101 obtuso
1613 1065 1788 1111 ingenio

142 1117 180 1156 &
195 1117 299 1163 visu,
316 1119 392 1166 qui
407 1116 688 1155 sublunarem
706 1116 885 1154 reddere
902 1116 1018 1154 hanc
1034 1116 1213 1154 Stellam
1230 1119 1374 1154 conati
1391 1117 1479 1154 fint.

187 1171 209 1218 J
212 1183 242 1210 n
257 1171 454 1210 altissima
470 1170 649 1218 quidem
661 1169 1001 1208 Saturninarum
1013 1170 1358 1207 Reuolutionum
1375 1170 1570 1208 distantia
1587 1170 1681 1208 haec
1699 1170 1787 1218 ipsa

140 1226 325 1273 experiri
344 1224 621 1272 probareque
641 1223 1021 1271 superuacaneum
1043 1223 1108 1267 est,
1132 1224 1186 1261 ob
1205 1224 1503 1270 permodicam
1520 1223 1605 1261 illic
1622 1226 1786 1261 contin-

138 1283 310 1327 gentem
339 1277 637 1317 diuerfitatum
668 1276 976 1319 differentiam:
1008 1278 1215 1314 Attamen
1241 1289 1295 1315 ne
1322 1277 1379 1314 ibi
1405 1277 1583 1324 quidem
1608 1276 1786 1315 Stellam

70 1344 104 1370 20
139 1331 253 1371 hanc
268 1336 362 1370 tuta
376 1331 567 1370 habuisse
584 1330 855 1373 diuerticula,
873 1330 902 1367 fi
919 1332 1082 1373 omnia,
1100 1342 1199 1377 quae
1216 1332 1261 1368 in
1279 1342 1330 1368 ea
1347 1336 1550 1368 accurata
1566 1330 1786 1378 diligentia

138 1384 450 1434 spectabantur,
467 1384 680 1423 saluanda
696 1383 786 1427 sint,
803 1395 880 1431 per
896 1384 984 1422 alia
1000 1384 1206 1430 quaedam
1222 1384 1438 1421 Tecmiria
1455 1384 1739 1421 ostendemus.

191 1439 293 1478 Siue
310 1441 429 1478 enim
445 1438 759 1477 Ptolemaicam
776 1437 963 1476 Orbium
980 1437 1234 1475 Coelestium
1251 1437 1581 1485 dispositionem,
1600 1449 1699 1474 cum
1717 1448 1785 1475 ea-

138 1504 236 1531 rum
251 1494 373 1532 iuxta
383 1491 659 1531 Aristotelem
675 1491 884 1535 realitate,
901 1492 927 1528 a
945 1502 1032 1538 qua
1049 1493 1181 1528 etiam
1197 1491 1406 1529 sententia
1423 1491 1708 1528 Ptolemaeum
1726 1493 1785 1537 ip-

138 1545 242 1591 sum,
259 1545 298 1585 &
313 1546 542 1595 plerosque
558 1545 737 1583 Veteres
753 1556 845 1582 non
861 1543 1123 1582 abhorruisse
1141 1550 1332 1591 apparet,
1350 1544 1680 1582 assumserimus:
1699 1543 1785 1581 fiue

69 1612 101 1638 25
138 1601 270 1639 etiam
293 1600 626 1649 Copernianam
649 1601 763 1636 circa
785 1603 930 1636 motus
950 1597 1099 1635 Terrae
1123 1597 1407 1645 anniuersarij
1433 1597 1784 1644 speculationem.

138 1653 381 1701 quiescente
397 1655 444 1692 in
459 1653 607 1691 medio
618 1651 808 1690 vniuerfi
819 1651 919 1690 Sole
937 1651 1046 1698 (non
1062 1651 1342 1693 considerato,
1360 1662 1418 1688 an
1435 1653 1479 1688 in
1496 1650 1577 1689 hac
1589 1649 1785 1697 sphaerae

137 1706 288 1753 reales,
305 1719 364 1746 an
379 1707 530 1746 saltem
545 1707 820 1754 imaginariae
836 1704 1247 1752 praesupponantur)
1265 1716 1343 1752 pro
1359 1710 1452 1742 rata
1467 1703 1784 1745 admiserimus:

137 1759 210 1799 seu
230 1761 411 1800 tandem
432 1760 673 1799 secundum
695 1759 885 1797 nostram
908 1758 1230 1807 Hypothefium
1255 1757 1508 1796 Coelestium
1531 1756 1783 1794 distributio-

137 1825 252 1860 nem,
272 1826 374 1863 quae
391 1814 578 1853 Orbium
599 1813 842 1852 realitatem
865 1811 1173 1860 Epicyclosque
1194 1811 1315 1853 tollit,
1337 1811 1606 1857 Terramque
1628 1810 1783 1847 nihilo-

68 1879 102 1905 30
137 1869 284 1906 minus
305 1870 352 1906 in
375 1867 541 1907 Centro
563 1866 753 1905 vniuerfi
776 1865 994 1913 quiescere
1017 1867 1234 1912 permittit,
1260 1866 1411 1902 omnia
1435 1864 1783 1911 expenderimus,

137 1932 449 1970 quamcunque
457 1920 676 1969 (inquam)
684 1920 845 1958 harum
851 1921 983 1957 trium
990 1919 1295 1956 assumtionum
1304 1917 1784 1958 adhibuerimus,Stella

138 1973 233 2014 haec
254 1975 373 2024 apud
395 1975 614 2014 altissimas
635 1974 812 2013 Saturni
835 1972 1185 2015 conuolutiones,
1214 1972 1414 2018 adeoque
1438 1973 1550 2008 intra
1573 1972 1703 2008 totius
1727 1970 1783 2007 se·

138 2028 269 2067 cundi
283 2028 459 2068 mobilis
475 2028 682 2077 Sphaeras
698 2027 785 2065 fiue
802 2028 1062 2075 gyrationes.
1084 2025 1230 2063 locum
1247 2036 1335 2072 quo
1352 2027 1534 2061 immota
1551 2023 1659 2061 vltra
1679 2026 1783 2060 inte-

137 2092 263 2130 grum
277 2083 463 2121 Annum
479 2081 703 2121 consistere
719 2081 919 2128 potuerit.
937 2091 1028 2116 non
1044 2081 1251 2116 inueniet.

68 2146 101 2172 35
191 2134 520 2175 Confiderando
544 2137 663 2174 enim
686 2137 828 2182 primo
851 2132 1163 2171 Ptolemaicam
1188 2131 1508 2180 Hypothesium
1532 2130 1783 2168 Coelestium

51 2193 114 2226 438
137 2188 511 2233 construetionem,
532 2200 633 2237 quae
652 2188 842 2227 Orbibus
860 2185 1244 2233 Eccentrepicyclis
1261 2181 1533 2234 ijs-{ldemque
1551 2186 1671 2221 iuxta
1688 2184 1783 2220 Ari-

137 2240 333 2282 stoteleas
357 2243 613 2282 traditiones
639 2242 816 2290 (quibus
842 2239 1103 2277 Ptolemaeus
1130 2239 1322 2276 imbutus
1349 2244 1451 2279 erat.
1478 2238 1589 2275 adeo
1613 2243 1654 2274 vt
1679 2236 1715 2273 8(
1740 2239 1783 2274 in

137 2294 424 2335 Cometarum
439 2296 518 2335 fitu
534 2301 681 2335 tantus
697 2295 794 2333 licet
811 2293 1111 2335 Astronomus,
1129 2292 1166 2329 &
1183 2294 1228 2329 in
1245 2291 1418 2339 AEgypti
1435 2291 1651 2338 purissimo
1669 2291 1782 2327 Aere

137 2348 398 2388 eiuscemodi
419 2349 596 2388 scrutari
618 2347 808 2391 edoctus,
830 2358 930 2385 cum
952 2346 1026 2383 illo
1048 2352 1196 2383 tamen
1212 2346 1449 2393 graecizarit
1467 2351 1597 2390 atque
1615 2345 1782 2381 caecuti-

67 2412 101 2439 4ο
137 2401 232 2449 erit)
248 2402 440 2442 realibus
456 2403 494 2441 &
510 2403 655 2441 solidis
672 2402 962 2449 componitur,
980 2399 1050 2437 etsi
1065 2399 1197 2437 Stella
1213 2398 1308 2436 haec
1326 2398 1452 2445 longe
1470 2410 1495 2435 a
1512 2397 1704 2434 Zodiaco
1722 2409 1782 2433 re-

80 2461 100 2493 ·1·
136 2455 283 2503 ponta,
305 2456 520 2505 Epicyclis
536 2456 645 2495 forte
661 2456 745 2494 istis
762 2467 853 2493 non
869 2453 1001 2490 fuisset
1018 2453 1223 2493 obnoxia.
1245 2458 1438 2489 attamen
1460 2450 1580 2488 totali
1598 2450 1781 2487 Orbium

137 2507 418 2548 Reuolutioni
435 2513 548 2548 circa
565 2510 694 2547 Polos
711 2509 930 2556 Eclipticae
948 2507 1178 2543 necessario
1197 2505 1532 2551 obtemperasset.
1555 2503 1686 2539 modo
1708 2503 1782 2539 ali-

1713 2568 1780 2591 CUI
