2243 3225
397 208 472 245 364
769 196 1222 239 ASTRONOMIAE
1243 189 1664 233 INSTAURATAE

397 310 656 351 inductione,
674 307 791 354 quod
809 306 846 343 &
861 305 932 342 hic
949 301 1253 350 compendiose
1269 299 1580 348 praestabimus.
1598 297 1756 344 Neque
1772 296 1860 334 3113
1875 297 2037 345 indige-

396 366 537 403 bimus
555 362 842 409 Figuratione‚
865 369 999 405 quam
1016 368 1080 400 ea,
1098 366 1198 402 quae
1214 355 1413 402 proxime
1429 350 1728 398 vsurpabatur‚
1749 349 1936 397 ideoque
1952 349 2039 388 huc

396 415 844 506 aplgltietrzissrigssationes
870 462 1162 510 intelligendae
1187 462 1370 498 veniunt
1392 464 1435 496 vt
1461 460 1592 505 prius.
1622 457 1755 494 Latus
1781 456 1864 494 ΒΑ
1889 455 1944 494 est
1968 455 2040 494 hic

397 532 570 569 quoque
592 526 697 567 part.
716 516 808 564 231
815 517 915 559 ,1,31
938 516 975 553 8(
997 516 1081 553 CA
1098 520 1204 561 part.
1223 513 1285 551 28.
1304 511 1329 559 Ι.
1348 512 1388 550 13
1410 523 1463 549 ex
1480 509 1819 557 Complemento
1835 509 2039 548 Declina·
2078 522 2094 547 5

953 570 1083 606 tionis
1095 567 1252 605 Stellae.
1270 565 1349 603 BC
1367 561 1381 615 ΙΙ
1398 570 1546 602 31116111
1563 575 1585 601 6
1603 562 1943 610 Complemento
1960 562 2039 601 La-
2064 569 2129 601 385

525 619 554 649 B
952 621 1147 659 titudinis
1170 625 1277 667 part.
1299 618 1361 656 36.
1387 616 1412 665 l.
1435 618 1488 656 15.
1512 617 1577 654 Ex
1600 618 1781 664 cognitis
1802 618 1950 663 itaque
1972 615 2041 654 his

546 629 827 785 1,
952 675 1101 717 tribus,
1125 685 1217 711 non
1240 671 1510 720 ignorabitur
1532 669 1736 717 Angulus
1756 669 1896 713 ABC,
1920 668 2040 707 diffe-

953 729 1139 765 rentiam
1165 725 1468 773 Longitudinis
1492 735 1518 762 a
1539 722 1728 770 Tropico
1752 728 1793 763 63>
1817 722 2040 767 exhibens,

953 787 1060 828 p.art
1075 778 1168 827 53.]
1175 780 1241 818 ,15
1261 780 1473 826 proxime.
1490 776 1616 814 Vnde
1633 776 1879 824 Longitudo
1896 775 2041 814 Steuae
2083 787 2113 813 10

412 803 651 947 1>
672 629 881 875 >AF
953 793 1126 872 incidit
1117 778 1168 870 111l
1178 838 1285 880 part.
1303 832 1339 870 6.
1358 829 1383 879 l.
1402 831 1475 870 541
1493 833 1551 874 ὅ,
1568 829 1750 868 dimidio
1765 829 1916 868 saltem
1930 828 2041 867 scru-

953 887 1058 935 pulo
1070 888 1262 934 priorem
1274 886 1609 923 annotationem
1621 882 1848 927 excedens,
1865 881 1983 930 quod
1996 884 2043 920 in

466 719 919 1065 ‘K
953 940 1036 978 hac
1052 941 1295 987 pragmatia
1310 937 1436 976 facile
1451 937 1823 975 condonationem
1838 940 2041 974 meretur.

954 994 1201 1031 Paucorum
1223 993 1341 1030 enim
1360 991 1652 1029 secundorum
1669 992 1715 1027 in
1734 989 2042 1027 Declinatione

953 1046 1022 1085 vel
1035 1046 1282 1084 Latitudine
1299 1045 1511 1087 alteratio,
1528 1044 1627 1081 licet
1637 1055 1714 1091 per
1725 1042 1766 1080 se
1777 1041 2042 1085 insenfibilis‚
2085 1055 2115 1080 15

396 1102 696 1162 Longitudinis
705 1102 997 1138 variationem
1005 1100 1103 1147 plus
1116 1099 1250 1147 duplo
1262 1098 1461 1159 adauget,
1475 1097 1586 1135 adeo
1596 1102 1639 1134 vt
1648 1096 1678 1134 fi
1687 1095 2043 1134 Declinationem

395 1155 708 1194 assumserimus
718 1154 866 1192 saltem
877 1159 1033 1201 quarta
1042 1155 1200 1190 minuti
1209 1157 1330 1200 parte
1340 1153 1572 1194 minorem,
1585 1149 1781 1188 adhibita
1790 1149 1946 1187 eadem
1955 1160 2044 1197 qua

396 1215 524 1247 antea
541 1207 801 1251 Latitudine,
818 1209 1049 1254 proueniet
1066 1205 1312 1254 Longitudo
1329 1207 1374 1242 in
1390 1210 1498 1252 part.
1515 1204 1551 1242 6.
1571 1202 1596 1251 Ι.
1613 1204 1664 1242 54
1680 1205 1738 1248 8,
1755 1202 1853 1241 satis
1868 1201 2044 1250 praecise

396 1263 665 1300 conueniens
677 1272 777 1299 cum
790 1272 854 1305 ea,
867 1272 1002 1308 quam
1011 1266 1141 1298 antea
1152 1259 1418 1307 collegimus,
1428 1264 1472 1295 vt
1481 1257 1656 1295 nullum
1665 1256 1711 1294 fit
1721 1256 1916 1300 dubium,
1929 1255 2044 1294 hanc

396 1316 450 1354 ad
467 1315 662 1353 amussim
679 1314 883 1352 constare.
2082 1321 2116 1347 20

448 1368 565 1415 Quia
577 1379 680 1405 vero
693 1369 738 1405 in
750 1367 1071 1405 Declinationis
1083 1372 1213 1413 atque
1226 1364 1500 1403 Ascenfionis
1513 1362 1654 1402 Redtae
1669 1365 1942 1401 mentionem
1955 1364 2045 1401 iam

395 1422 523 1460 semel
548 1427 678 1468 atque
706 1423 863 1459 iterum
893 1420 1144 1458 incidimus:
1175 1419 1316 1467 placet
1342 1429 1416 1456 eas
1442 1429 1620 1465 quoque
1646 1429 1699 1455 ex
1724 1415 2046 1464 praeconstituta

396 1475 685 1522 Longitudine
702 1479 832 1521 atque
846 1474 1094 1512 Latitudine
1109 1473 1328 1515 deriuare;
1346 1471 1502 1519 Sicque
1514 1470 1732 1509 viceversa
1745 1469 2044 1518 comprobare.

397 1529 514 1566 Nam
537 1527 573 1565 8(
595 1527 766 1571 harum,
788 1526 980 1575 respectu
1000 1527 1268 1574 AEquatoris,
1293 1525 1476 1563 solidam
1498 1523 1824 1572 inquisitionem
1844 1522 1899 1562 ab
1920 1524 2045 1561 initio

396 1582 576 1630 polliciti
592 1581 751 1619 sumus.
2084 1589 2117 1615 25

397 1697 500 1734 PER
520 1696 998 1735 LONGITUDINEM
1015 1695 1220 1742 ATQUE
1241 1692 1666 1732 LATITUDINEM
1683 1691 1873 1731 HUIUS
1889 1691 2046 1730 STEL-

427 1758 517 1796 LAE
534 1758 891 1806 ALIQUOTIES
909 1757 1251 1799 INUENTAM,
1269 1755 1565 1803 IUSTEQUE
1583 1753 2020 1797 EXAMINATAM.

502 1820 1009 1859 DECLINATIONEM
1027 1819 1233 1866 ATQUE
1249 1817 1681 1857 ASCENSIONEM
1699 1816 1947 1856 RECTAM

1032 1881 1416 1920 COMPONERE.

523 1945 552 1976 B

1067 1953 1228 1999 EQUE
1245 1955 1377 1991 etiam
1391 1951 1462 1989 hic
1475 1951 1575 1993 alia,
1592 1962 1728 1999 quam
1739 1950 1804 1988 bis
1815 1949 1875 1988 vfi
1885 1949 2047 1994 sumus,
2085 1962 2120 1989 30

551 1956 830 2111 1,
846 2013 875 2053 F
961 1954 1061 2043 N
1075 2018 1186 2053 opus
1203 2008 1281 2044 erit
1298 2005 1605 2053 designatione,
1623 2006 1862 2052 omniaque
1873 2005 2049 2052 vtprius

958 2060 1246 2107 concipienda
1267 2059 1375 2097 sunt.
1398 2059 1624 2106 Eruntque
1646 2060 1690 2096 in
1711 2057 1885 2106 Triang.
1907 2056 2048 2099 ΒΑΕ,

700 2063 772 2179 Ρ
891 2138 922 2181 κ
959 2113 1222 2205 11ξῆἑὲ
1239 2110 2049 2213 1111111151ξὲὲῖεὲἕξ·

959 2221 1165 2258 titudinis.
1179 2217 1193 2269 ΙΙ
1206 2220 1409 2267 Angulus
1421 2230 1525 2257 vero
1538 2219 1620 2256 AB
1630 2218 1667 2257 C
1681 2216 2049 2266 compraehensus.
2074 2223 2138 2256 386

960 2286 1012 2311 ex
1029 2273 1226 2311 distantia
1244 2273 1388 2311 Stellae
1405 2272 1460 2311 ab
1477 2274 1601 2310 initio
1618 2278 1659 2312 ἐξ
1676 2271 1849 2314 constat.
1866 2269 1973 2319 part.
1986 2269 2049 2309 53.

962 2326 985 2373 l.
1008 2327 1043 2368 6.
1069 2327 1181 2364 vnde
1206 2329 1380 2364 tertium
1402 2326 1535 2364 Latus
1558 2325 1643 2364 CA
1664 2324 1956 2373 subterfugere
1976 2335 2050 2362 ne-

961 2382 1051 2426 quit
1078 2387 1183 2426 part.
1206 2380 1267 2417 28.
1293 2379 1316 2426 l.
1341 2379 1414 2418 131.
1444 2379 1493 2417 Et
1519 2391 1572 2417 ex
1595 2380 1776 2426 cognitis
1802 2380 1890 2416 iam
1915 2377 2051 2416 tribus

406 2431 642 2472 Lateribus.
665 2432 865 2479 Angulus
884 2433 1009 2471 ΒΑΕ
1027 2445 1203 2480 quoque
1222 2435 1265 2470 in
1282 2440 1482 2480 apertum
1499 2435 1643 2470 veniet
1660 2438 1766 2480 part.
1783 2431 1846 2470 90.
1865 2433 1970 2469 min.
1987 2430 2050 2469 26.

407 2483 448 2530 ll.
467 2485 528 2522 25.
551 2483 731 2521 Abiec‘lo
753 2487 897 2531 itaque
920 2487 1175 2532 quadrante.
1198 2488 1271 2533 qui
1294 2486 1347 2524 est
1370 2487 1394 2523 3
1417 2486 1601 2524 Solstitio
1619 2485 1834 2533 Hyberno
1854 2484 1985 2575 §sque
2005 2486 2051 2522 in
2089 2495 2122 2521 ω

1895 2548 2051 2576 eruum
