2243 3225
422 197 498 235 428
794 187 1247 228 ASTRONOMIAE
1268 183 1690 224 INSTAURATAE

421 300 616 338 videlicet
638 309 690 335 ex
710 295 888 344 professo
908 293 1152 331 nostrarum
1168 290 1491 340 Hypothefium
1507 301 1609 328 cum
1624 290 1907 337 Apparentijs
1923 288 2063 327 Caele-

420 353 546 390 stibus
563 350 904 397 congruentiam,
921 349 967 384 in
982 346 1192 393 peculiari
1205 346 1349 392 Opere
1362 343 1678 386 ΑΓΗ-0110111160,
1695 341 1910 390 aspirante
1923 341 2063 380 Caele-

420 406 542 443 stium
555 403 592 441 &
603 401 884 440 Terrestrium
896 399 1171 442 plasmatore,
1186 398 1443 446 explicaturi
1455 396 1614 434 sumus.
1631 395 1756 433 Tunc
1768 397 1887 433 enim
1899 397 2063 440 omnia,

420 469 518 505 quae
541 459 630 494 iam
653 454 870 493 nonnulla
891 458 1063 490 tantum
1086 464 1139 490 ex
1161 456 1295 498 parte,
1320 452 1434 488 circa
1456 454 1627 487 motum
1650 448 1795 487 Stellae
1818 448 1996 487 Saturni
2018 450 2065 486 in

418 509 745 557 longitudinem,
762 505 1039 553 inaequaliter
1055 505 1110 543 ob
1126 504 1420 542 iudicatorum
1432 502 1707 540 circellorum
1720 501 2065 549 implicationem
2102 515 2118 540 ⁵

418 563 735 611 prouenientia,
753 564 1166 601 commemorantur,
1183 558 1271 595 vna
1283 568 1385 595 cum
1397 567 1462 598 ea,
1479 567 1580 602 quae
1592 556 1762 593 ratione
1774 554 2066 593 reuolutionis

419 618 552 654 centri
572 625 735 653 annuae
752 624 853 651 cum
869 612 969 650 Sole
989 613 1210 659 ingeritur,
1231 609 1470 653 anomalia,
1493 608 1599 656 (qua
1613 608 1816 646 stationes
1832 607 1871 646 &
1886 607 2064 656 repeda-

418 672 570 711 tiones,
594 668 769 714 aliaque
792 666 893 703 hinc
916 665 1228 712 superueniens
1251 668 1397 701 motus
1417 663 1669 710 apparentis
1691 660 1971 708 inaequalitas
1994 672 2065 699 ex-

420 721 605 767 cusatur)
622 721 794 768 plenius
810 719 848 756 &
864 716 1094 766 perfeciius
1109 716 1235 754 simul
1251 727 1353 754 cum
1368 715 1652 754 latitudinum
1662 720 1847 762 Vtraque
1862 714 1914 752 de
1927 714 2066 753 caussa

419 775 772 822 contingentium,
789 771 1093 815 insinuatione,
1110 772 1155 808 in
1171 775 1373 817 apertum
1389 768 1671 806 deducentur.
1688 767 1821 806 Nunc
1836 767 1987 806 saltem
1999 766 2064 806 su-
2104 780 2134 807 ιο

418 830 578 875 premis
600 827 744 869 labris,
768 825 805 863 &
829 830 1046 871 quatenus
1066 835 1145 871 pro
1166 823 1309 861 nostro
1329 822 1518 860 instituto
1539 821 1821 859 necessarium
1841 826 1945 865 erat,
1969 820 2065 859 haec

418 883 624 928 attingere
635 879 771 923 libuit,
780 884 824 916 vt
834 878 1021 916 Orbium
1032 882 1122 915 tam
1130 878 1352 915 maiorum
1362 887 1498 923 quam
1507 876 1732 912 minorum
1741 874 2065 922 magnitudines

418 934 455 971 8(
475 933 756 981 symmetrias,
779 936 908 979 prout
928 930 999 968 hic
1020 932 1240 978 praecipue
1264 930 1512 976 requiritur,
1536 939 1757 975 exponere
1780 927 2065 966 commodum

416 987 536 1024 foret.
554 986 659 1023 Vtar
675 991 823 1023 autem
839 983 910 1022 hic
927 984 1082 1022 eadem
1098 982 1537 1021 commensurationis
1556 983 1853 1029 proportione,
1875 981 1964 1028 qua
1979 979 2064 1020 Co-

416 1041 618 1087 pernicus
638 1038 712 1076 ista
732 1037 938 1085 dispertijt
959 1037 1014 1075 ad
1034 1036 1189 1074 nostrae
1205 1042 1355 1074 tamen
1371 1036 1667 1083 assumptionis
1683 1035 2066 1072 ratiocinationem
2105 1047 2134 1073 15

417 1092 759 1131 accommodata.
778 1091 895 1129 Licet
911 1093 1030 1128 enim
1046 1090 1142 1128 haec
1158 1089 1293 1137 paulo
1309 1089 1434 1127 aliter
1449 1088 1490 1126 se
1506 1088 1711 1132 habeant,
1728 1089 1850 1126 iuxta
1865 1089 2065 1135 proprias

415 1148 461 1183 in
473 1146 647 1184 Saturni
663 1145 942 1192 apparentijS‚
960 1143 1127 1191 aliquot
1140 1142 1488 1190 praecedentibus
1500 1143 1629 1180 annis
1640 1139 1775 1180 factas
1786 1140 2064 1179 animaduer-

416 1199 567 1242 siones,
590 1209 724 1245 quam
745 1197 991 1244 Copernici,
1014 1198 1090 1244 qui
1109 1196 1319 1244 pleraque
1340 1207 1367 1234 a
1387 1195 1627 1233 Ptolemaeo
1647 1199 1875 1233 mutuatus
1895 1193 1963 1239 est,
1985 1192 2066 1232 fert

416 1251 697 1290 mensuratio:
714 1250 884 1289 Tamen
901 1262 1002 1288 cum
1018 1250 1247 1288 discrimen
1263 1249 1375 1288 adeo
1392 1251 1601 1297 exiguum
1616 1247 1674 1292 fit,
1691 1253 1735 1286 vt
1751 1247 1906 1286 nostrae
1917 1246 1990 1286 hic
2000 1249 2064 1285 in-
2101 1251 2121 1283 †

416 1307 598 1343 tentioni
622 1304 869 1342 sensibiliter
893 1303 1224 1341 incommodare
1250 1308 1453 1350 nequeat,
1483 1301 1574 1340 sola
1599 1301 1875 1349 Copernicea
1898 1302 2064 1349 magni-
2101 1313 2134 1340 20

416 1359 618 1396 tudinum
639 1357 945 1401 distributione,
967 1356 1052 1395 hoc
1072 1356 1170 1395 loco
1187 1358 1379 1394 contenti
1395 1358 1571 1394 erimus,
1593 1354 1772 1393 Nostras
1792 1354 2004 1402 siquidem
2019 1355 2066 1392 in

417 1412 484 1449 his
500 1411 780 1449 limitationes
796 1422 914 1449 nunc
931 1412 1100 1458 aperire
1117 1412 1264 1448 minus
1281 1415 1598 1457 opportunum:
1616 1419 1717 1446 cum
1731 1408 1774 1446 id
1788 1407 1955 1446 altioris
1968 1418 2065 1456 pro-

417 1464 663 1511 lixiorisque
681 1466 838 1512 negotij
857 1463 914 1501 fit.
936 1463 1083 1502 Multa
1099 1466 1218 1502 enirn
1234 1463 1322 1501 alia
1338 1464 1426 1500 vna
1447 1462 1720 1510 explicanda,
1742 1461 2065 1509 enodandaque

417 1520 610 1560 veniunt,
627 1529 727 1564 quae
744 1517 875 1555 huius
892 1529 984 1555 non
999 1517 1095 1555 sunt
1110 1517 1194 1555 loci
1206 1516 1244 1554 8(
1255 1518 1477 1564 temporis,
1493 1527 1570 1564 per
1584 1515 1932 1554 commodiorem
1943 1525 2065 1553 occa·

417 1571 579 1609 fionem
601 1571 717 1608 Artis
740 1570 872 1608 huius
893 1571 1060 1618 cupidis
1081 1570 1184 1609 alibi
1205 1569 1588 1608 communicanda.
1613 1568 1754 1616 Ipsam
1776 1570 1924 1616 itaque
1947 1578 2065 1606 nunc
2101 1580 2134 1606 2⁵

419 1624 737 1662 dimensionum
754 1626 982 1668 rationem,
999 1626 1121 1662 iuxta
1137 1624 1412 1671 Copernicea
1429 1623 1505 1669 (vti
1521 1621 1729 1668 diximus)
1745 1621 1905 1670 placita
1920 1632 2065 1670 aggre-

419 1678 600 1780 diemu'r'.
622 1689 722 1724 quae
744 1689 797 1715 ex
817 1677 1011 1725 apposita
1027 1677 1321 1715 delineatione
1337 1678 1582 1724 promptius
1598 1677 1643 1714 in
1659 1675 1778 1714 hunc
1794 1675 1979 1713 modum
1993 1685 2066 1723 pa-

418 1731 554 1768 tescet.

472 1784 697 1830 Quoniam
714 1784 787 1822 BF
803 1784 948 1822 semid.
965 1785 1159 1831 primarij
1178 1783 1307 1822 Orbis
1321 1783 1498 1822 Saturni
1515 1783 1724 1830 assumpta
1739 1782 1782 1820 P.
1800 1781 1923 1820 10000
1938 1780 2067 1820 efficit
2089 1787 2152 1820 479

419 1839 538 1874 iuxta
550 1837 845 1884 Copernicum
855 1837 933 1875 BA
943 1837 1223 1875 semidiamet.
1238 1837 1367 1875 Orbis
1379 1839 1518 1875 annui
1529 1836 1642 1875 Solis
1654 1836 1896 1874 earundem
1906 1835 1949 1873 P.
1960 1834 2066 1874 1090.
2103 1846 2136 1873 ³0

420 1890 575 1928 Euadit
592 1893 738 1937 itaque
753 1891 831 1928 FK
845 1891 990 1929 semid.
1003 1893 1183 1929 maioris
1200 1890 1359 1928 circelli
1375 1902 1452 1938 per
1469 1901 1601 1938 quem
1617 1891 1842 1938 praecipua
1854 1889 2066 1927 Eccentri-

420 1946 523 1981 citas
540 1944 766 1981 excusatur
782 1944 824 1982 P.
842 1945 918 1983 854
936 1944 974 1981 8(
991 1944 1077 1982 ΚΟ
1094 1944 1414 1982 semidiameter
1430 1946 1614 1981 minoris
1630 1943 1791 1981 circelli
1807 1942 1849 1981 P.
1867 1942 1957 1985 285.
1978 1952 2067 1990 quo

420 1997 554 2034 altera
566 1997 799 2044 AEquantis
816 1998 1094 2044 inaequalitas
1111 1997 1343 2045 regulatur.
1361 1998 1450 2035 Aut
1463 1997 1491 2035 fi
1503 1997 1621 2035 lubet
1633 1995 1825 2044 respedtu
1836 1997 1975 2034 annui
1987 1994 2066 2034 Or·

420 2050 483 2087 bis
500 2050 611 2087 Solis
632 2050 727 2088 haec
748 2051 994 2093 conciliare.
1016 2063 1068 2089 eo
1089 2051 1222 2089 modo
1245 2063 1333 2098 quo
1353 2051 1468 2089 idem
1486 2061 1663 2098 quoque
1680 2049 1777 2088 fecit
1795 2049 2067 2097 Copernicus

420 2105 464 2140 in
487 2102 735 2141 Tracqatulo
762 2105 955 2151 quodam
981 2105 1033 2142 de
1057 2104 1383 2152 Hypothelibus
1409 2116 1436 2143 a
1460 2104 1500 2142 se
1526 2103 1774 2146 constitutis,
1801 2114 1934 2150 quem
1957 2101 2066 2141 mihi
2102 2113 2134 2140 ³5

422 2156 662 2194 Ratilbonae
675 2157 915 2204 aliquando
927 2157 1269 2205 manuscriptum
1282 2160 1488 2206 impertijt
1501 2158 1767 2196 Clarissimus
1779 2158 1844 2194 vir
1856 2156 1910 2194 D.
1923 2155 2066 2194 'sbad-
2102 2158 2121 2189 †

421 2209 526 2246 deus
544 2210 792 2256 Hagaecius.
815 2211 982 2249 diutina
1003 2213 1195 2249 amicitia
1215 2211 1324 2249 mihi
1341 2210 1722 2249 coniunc‘iissimus:
1745 2221 1824 2258 ego
1840 2221 1946 2248 vero
1962 2220 2066 2248 eun-

422 2262 519 2298 dem
533 2262 674 2309 postea
687 2264 743 2300 ali
746 2266 784 2310 js
797 2264 1053 2310 quibusdam
1067 2267 1110 2302 in
1124 2265 1368 2303 Germania
1382 2265 1710 2303 Mathematicis
1722 2263 2065 2302 communicaui:

422 2316 537 2361 quod
561 2316 718 2353 idcirco
739 2313 753 2365 ΙΙ
775 2329 1085 2359 commemoro.
1107 2324 1149 2355 vt
1171 2318 1302 2356 sciant
1325 2320 1366 2366 ij.
1391 2321 1435 2356 in
1457 2329 1647 2365 quorum
1670 2328 1830 2356 manus
1851 2317 2067 2364 Scriptum
2088 2319 2150 2353 480

423 2368 527 2405 illud
550 2372 807 2414 peruenerit,
829 2371 1049 2408 vndenam
1071 2370 1312 2418 prosec'tum
1333 2371 1389 2409 fit.
1413 2372 1666 2418 Comparat.
1688 2373 1885 2418 inquam.
1906 2369 2066 2408 ibidem
2101 2379 2134 2406 ιο

423 2421 705 2467 Copernicus.
727 2425 1049 2470 magnitudines
1067 2424 1252 2462 Orbium
1270 2425 1564 2467 planetarum,
1582 2427 1750 2463 ratione
1768 2424 1898 2462 Orbis
1914 2423 2066 2461 Annui

421 2473 580 2515 Terrae.
594 2486 723 2521 quem
737 2488 816 2513 nos
829 2476 917 2514 Soli
930 2478 1199 2525 assignamus,
1213 2480 1270 2515 ita
1281 2485 1322 2515 vt
1334 2478 1465 2516 huius
1476 2478 1620 2516 semid.
1634 2477 1942 2526 praesupponat
1951 2475 2066 2519 P.25.

1821 2530 2066 2578 euadatque
