2164 3246
359 235 1019 276 PROGYMNASMATUM
1041 237 1353 278 SECUNDA
1376 241 1526 280 PARS
1711 244 1769 282 311

172 342 289 381 Cum
299 342 436 380 tribus
448 341 834 389 Principalioribus
846 343 884 380 8(
896 346 1033 392 magis
1045 345 1280 392 perspicuis
1293 346 1424 385 huius
1435 348 1651 387 Asterismi
1665 350 1768 388 Stel—

118 396 182 441 lis,
199 407 299 443 quae
315 395 475 433 Tertiae
491 395 710 433 habentur
725 398 1052 444 magnitudinis,
1070 409 1122 436 ea
1138 400 1336 438 videlicet
1354 412 1453 448 quae
1470 404 1515 439 in
1533 402 1768 442 Cathedrae

33 457 97 490 304
119 449 349 488 medietate
365 448 561 496 superior
577 448 644 492 est,
665 449 830 497 illaque
846 451 902 488 ad
919 447 933 500 ΙΙ
949 450 1098 498 pectus
1115 451 1295 490 Schedir
1311 455 1542 501 appellata,
1564 468 1614 494 ac
1631 459 1767 501 tertia,

119 514 219 551 quae
235 502 290 540 est
305 504 428 540 iuxta
443 504 800 540 incuruationem
815 515 951 551 prope
969 504 1060 548 Ilia,
1078 505 1282 553 Figuram
1295 506 1651 553 Quadrilateram
1667 522 1767 548 con-

67 571 83 596 5
118 555 336 600 formauit,
359 555 448 593 fiue
469 554 723 594 Rhombum
743 557 967 603 quendam
990 559 1280 605 inaequalium
1304 560 1502 605 laterum,
1527 574 1661 609 quam
1685 563 1767 601 sor-

118 621 238 648 mam
250 609 398 648 Graeci
408 608 676 657 Trapezium
692 616 863 655 vocant,
882 617 1060 658 eratque
1077 612 1318 651 admodum
1327 616 1479 652 'vicina
1492 615 1648 659 Stellae,
1667 629 1767 664 quae

119 662 174 701 est
188 665 235 701 in
249 662 397 701 media
411 662 521 700 sedis
536 668 671 710 parte,
688 664 1002 711 magnitudinis
1020 664 1214 711 Quartae,
1232 678 1507 715 numeroque
1524 670 1766 713 vndecima‚

118 715 173 755 ab
192 715 276 754 hac
296 715 593 764 pauxillulum
613 715 761 754 versus
783 716 1015 764 Cepheum
1039 725 1218 763 remota,
1242 722 1301 757 ita
1322 726 1364 758 vt
1387 723 1422 758 is
1444 722 1574 769 digito
1596 722 1767 761 finistrae

118 781 276 808 manus
295 769 445 807 locum
465 768 600 807 huius
620 771 805 808 recentis
826 770 971 809 Stellae
992 772 1204 815 indicarit,
1226 780 1355 819 prout
1377 776 1470 812 eius
1491 775 1704 822 dispositio
1723 779 1768 814 in

53 835 83 862 10
120 822 275 862 Globis
286 822 562 861 Mechanicis
574 823 832 871 depingitur.
851 823 1007 871 Sicque
1020 827 1065 862 in
1078 825 1270 864 confinio
1283 828 1366 864 viae
1379 827 1561 871 Ladleae,
1575 841 1662 876 qua
1675 832 1768 867 eius

118 875 315 914 Borealis
338 875 465 914 limes
487 887 624 924 prope
646 876 947 924 Cassiopeiam‚
973 878 1129 916 Polum
1150 878 1372 918 Arcticum
1393 881 1571 928 respicit,
1598 883 1768 921 insolita

117 928 213 968 haec
228 928 361 968 Stella
376 929 686 968 collocabatur.

169 982 300 1027 Talis,
316 982 453 1021 veluti
468 981 682 1021 hactenus
699 987 1162 1029 commemorauimus,
1179 985 1324 1024 Stellae
1342 987 1488 1025 Nouae
1505 988 1689 1031 duratio,
1707 989 1766 1027 fa-

118 1038 204 1074 cies
214 1041 345 1084 atque
357 1036 601 1075 constitutio
612 1036 704 1081 fuit,
717 1043 935 1084 quantum
945 1049 998 1075 ex
1008 1038 1097 1085 ipso
1107 1041 1267 1077 intuitu
1278 1039 1315 1077 8(
1324 1041 1517 1088 generali
1527 1041 1765 1081 considera-

52 1103 83 1129 15
117 1092 235 1128 tione
245 1089 514 1128 innotescere
525 1092 681 1138 potuit;
698 1090 831 1137 Quod
843 1093 975 1129 etiam
987 1091 1084 1135 illis,
1098 1095 1171 1140 qui
1184 1093 1253 1130 vel
1265 1093 1434 1131 nullam
1447 1094 1515 1132 vel
1527 1095 1766 1133 admodum

118 1145 321 1192 exiguam
337 1143 573 1182 Stenarum
589 1146 886 1192 cognitionem
902 1145 1071 1183 assecuti
1088 1145 1195 1189 sunt,
1212 1149 1362 1193 patuit.

170 1196 362 1245 Contigit
378 1199 523 1242 etiam,
540 1202 584 1235 vt
599 1196 804 1236 homines
820 1200 1022 1246 imperiti,
1039 1199 1232 1247 Aurigae,
1254 1199 1502 1249 Tabellarij,
1524 1201 1699 1245 Nautae,
1721 1202 1766 1240 fi-

115 1249 324 1298 milesque
340 1250 505 1295 Idiotae,
526 1252 572 1289 in
590 1250 837 1289 Germania
857 1257 988 1299 atque
1010 1251 1113 1290 alibi
1135 1253 1281 1300 passim
1302 1253 1416 1291 hanc
1433 1254 1611 1292 Stellam
1627 1256 1767 1294 multo

116 1308 246 1342 antea
270 1305 406 1351 quam
431 1304 612 1348 Eruditi,
638 1304 708 1342 vel
733 1304 821 1352 ipfi,
852 1307 927 1352 qui
952 1305 1244 1344 Astronomiae
1271 1306 1472 1344 Studium
1497 1308 1766 1355 profitentur,

48 1369 81 1395 20
116 1357 404 1400 aduerterent,
426 1363 558 1405 atque
579 1357 677 1406 alijs
697 1360 890 1405 primum
910 1358 1199 1397 notificarent.
1222 1359 1354 1406 Quod
1375 1361 1578 1398 nonnulli
1600 1373 1766 1405 eorum,

116 1412 191 1458 qui
209 1409 355 1458 postea
370 1410 424 1449 de
439 1410 524 1449 hac
540 1410 674 1450 Stella
690 1414 998 1459 conceptiones
1019 1412 1116 1450 suas
1136 1413 1376 1457 ediderunt,
1399 1414 1689 1453 admiratione
1707 1416 1765 1453 di-

115 1475 250 1512 gnum
265 1463 482 1509 censuere,
499 1470 714 1512 tanquam
726 1465 946 1512 peculiare
959 1466 1063 1513 quid
1076 1466 1177 1504 inde
1189 1468 1315 1504 tacite
1328 1466 1630 1511 insinuaretur,
1649 1469 1766 1515 quod

115 1516 313 1556 videlicet
328 1517 510 1556 rudibus
526 1517 794 1563 hominibus,
811 1530 904 1556 non
920 1519 1099 1557 literatis
1114 1519 1211 1557 &in
1223 1520 1476 1568 Academijs
1493 1520 1665 1565 edoctis,
1683 1521 1766 1559 hoc

115 1571 370 1609 rarissimum
386 1570 678 1619 spectaculum
690 1574 891 1619 primitus
902 1575 1152 1611 innotuerit.
1170 1572 1243 1610 An
1255 1585 1333 1621 ego
1346 1573 1456 1611 nihil
1469 1574 1539 1612 hic
1552 1575 1765 1619 miraculi,

48 1636 81 1662 2⁵
116 1624 233 1672 quod
244 1623 448 1663 homines
457 1624 686 1663 Astrorum
696 1627 835 1674 ignari
845 1626 973 1664 Sidus
984 1625 1079 1670 hoc,
1093 1638 1183 1674 prae
1194 1629 1360 1664 caeteris
1370 1630 1662 1675 cognitionem
1673 1631 1766 1666 eius

115 1675 407 1717 iatstitantibus
423 1678 737 1727 conspexerint,
754 1679 909 1717 subesse
927 1680 1084 1717 iudico.
1103 1679 1166 1717 Ita
1178 1682 1295 1717 enim
1307 1680 1449 1718 nostro
1461 1680 1579 1719 AEuo
1592 1693 1765 1729 compa-

116 1736 258 1769 ratum
269 1731 337 1777 est,
348 1737 393 1770 vt
404 1743 560 1770 omnes
571 1732 720 1775 ferme,
739 1735 814 1780 qui
826 1733 1072 1771 Eruditioni
1084 1733 1215 1771 alicui
1228 1745 1408 1781 operam
1421 1740 1600 1777 nauant,
1618 1734 1766 1772 saltem

32 1789 94 1822 305
116 1785 168 1833 ijs
176 1785 368 1831 Artibus,
378 1781 393 1836 ΙΙ
403 1797 504 1833 quae
517 1785 771 1834 quaestuosae
782 1786 820 1824 &
829 1786 1052 1834 pomposae
1063 1786 1170 1831 sunt,
1184 1786 1365 1824 inhient.
1380 1787 1583 1834 Cumque
1595 1788 1766 1826 lucrum

117 1837 223 1876 illud
238 1837 451 1887 fastusque
467 1841 515 1877 in
529 1839 676 1878 Terris
696 1839 755 1883 fit,
777 1840 814 1878 8(
837 1842 950 1878 circa
965 1840 1198 1878 Terrestria
1215 1840 1416 1883 versetur,
1438 1841 1634 1888 plerique
1652 1841 1765 1879 Doc-

49 1901 83 1928 30
117 1893 242 1930 trinae
261 1892 451 1931 alicuius
471 1904 637 1931 nomen
657 1905 749 1941 prae
769 1893 810 1931 se
831 1893 1029 1937 ferentes,
1047 1893 1212 1931 Telluri
1229 1895 1534 1932 tantummodo
1555 1897 1682 1942 proni
1703 1897 1765 1932 in-

118 1945 338 1991 cumbunt,
354 1945 484 1984 instar
499 1946 588 1985 fere
601 1952 862 1985 caeterorum
873 1948 1184 1984 Animantium
1196 1947 1445 1991 Brutorum,
1464 1947 1603 1985 escam
1616 1947 1653 1985 8(
1665 1950 1765 1985 vitae

118 1998 345 2038 necessaria
365 2011 389 2038 e
409 1999 500 2038 sola
518 2000 675 2038 Humo
696 2002 954 2048 petentium;
976 2012 1296 2047 nunquamque
1314 2000 1518 2038 Coelestia
1539 2001 1613 2038 illa
1634 2007 1765 2047 atque

117 2050 445 2098 splendidissima
465 2053 583 2092 Coeli
605 2053 789 2097 lumina,
812 2053 979 2092 sublato
1003 2056 1048 2091 in
1069 2054 1207 2091 altum
1228 2054 1351 2091 vultu
1372 2053 1618 2101 suspiciunt:
1641 2056 1763 2091 veriti

116 2103 236 2150 forte,
252 2117 308 2144 ne
320 2105 395 2145 Sol
406 2105 445 2144 &
455 2105 601 2155 fulgur
613 2106 848 2145 Stellarum
862 2107 946 2145 illis
959 2107 1110 2145 oculos
1121 2106 1408 2145 Terrestribus
1420 2109 1765 2154 inquinamentis

49 2167 82 2194 3⁵
117 2156 358 2204 offuscatos‚
379 2161 569 2198 nimium
590 2160 808 2208 percellat.
831 2160 952 2207 Quin
969 2160 1007 2198 8(
1024 2163 1134 2198 inter
1156 2172 1230 2198 eos
1252 2160 1375 2207 ipsos,
1398 2162 1473 2207 qui
1494 2160 1656 2207 aliquo,
1679 2160 1765 2198 fiue

117 2210 300 2250 Naturae
316 2211 460 2257 ductu,
476 2213 565 2252 fiue
581 2213 859 2258 institutione,
876 2220 951 2252 aut
968 2214 1221 2261 professione
1239 2225 1327 2260 qua
1343 2212 1504 2251 vic'tum
1521 2216 1764 2261 acquirunt,

116 2263 169 2303 fic
185 2267 394 2314 exigente,
415 2266 744 2306 Astronomiam
761 2279 962 2305 exercere
978 2273 1205 2314 putantur;
1227 2267 1341 2305 hanc
1358 2279 1449 2304 non
1466 2269 1511 2304 in
1528 2267 1657 2305 Coelo
1676 2267 1765 2314 ipso

117 2316 193 2364 (vti
212 2329 291 2366 par
311 2319 420 2367 erat)
440 2320 753 2364 administrant,
775 2321 845 2359 sed
862 2321 1046 2369 Pagellis
1063 2320 1334 2368 quibusdam.
1356 2320 1536 2358 Tabulis
1553 2327 1682 2367 atque
1701 2320 1764 2357 Fi-

115 2373 231 2418 guris
246 2371 321 2411 sub
337 2372 447 2412 tecto
463 2373 708 2419 tractantes,
726 2374 824 2412 satis
840 2374 880 2412 se
897 2374 973 2412 suo
990 2373 1136 2412 officio
1152 2373 1322 2412 functos
1334 2380 1582 2415 autumant:
1600 2374 1711 2411 adeo
1724 2381 1764 2410 vt

48 2434 81 2460 ⁴0
116 2425 429 2473 quamplurimi
441 2427 631 2471 illorum,
645 2430 777 2466 etiam
790 2428 910 2466 nuda
922 2427 1156 2466 Stellarum
1169 2429 1415 2475 cognitione
1429 2427 1576 2474 (pudet
1589 2427 1763 2471 referre)

116 2476 408 2523 destituantur,
425 2480 620 2519 sufficere
637 2481 844 2525 arbitrati,
861 2481 890 2518 fi
907 2493 960 2518 ex
976 2480 1157 2519 Tabulis
1174 2480 1211 2518 8(
1229 2480 1592 2528 Ephemeridibus
1607 2480 1763 2518 Calen-

116 2529 238 2569 daria
253 2537 384 2580 atque
396 2532 591 2572 Geneses
608 2534 716 2572 lucri
734 2534 863 2572 causa
875 2534 1155 2577 conscribere,
1173 2534 1242 2571 vel
1255 2534 1372 2580 quod
1386 2536 1530 2571 verius
1543 2533 1632 2621 esth
1627 2533 1764 2569 bonas

1580 2598 1599 2622 C
1636 2593 1761 2626 artas.
