2164 3246
131 537 148 563 5

483 202 1142 242 PROGYMNASMATUM
1164 203 1368 241 PRIMA
1389 203 1541 242 PARS
1762 203 1838 242 207

185 309 360 348 difficile
370 310 450 347 erit
458 320 534 356 per
544 309 814 348 additionem
824 309 1171 348 differentiarum
1178 310 1542 358 AEquatoriarum
1551 310 1838 355 successiuam,

185 363 399 401 collocato
411 364 457 400 in
468 362 551 400 hac
561 362 727 401 Lucida
736 369 782 403 V
796 363 1098 407 fundamento,
1110 364 1383 411 reliquarum
1393 363 1677 402 Ascenfiones
1688 363 1839 403 Rec'tas

186 416 400 464 colligere,
422 415 581 463 quibus
602 427 690 454 vna
711 428 812 454 cum
833 417 1216 455 Declinatiom'bus
1238 417 1482 455 earundem
1498 417 1732 455 Stellarum
1753 418 1838 455 col-

185 470 295 515 latiS‚
317 469 659 517 Longitudinem
679 481 857 517 quoque
875 469 912 507 8(
929 470 1225 508 Latitudinem
1246 469 1439 518 respectu
1460 471 1679 518 Eclipticae
1701 471 1838 519 dispo-

184 534 289 562 nere
305 525 352 561 in
366 522 553 571 procliui
569 524 660 560 erit.

238 577 356 615 Licet
379 578 498 614 enim
521 575 805 614 Ascenfiones
828 575 983 620 Rectae,
1007 576 1045 614 &
1068 577 1399 615 Declinationes
1423 577 1703 625 quarundam
1729 590 1837 625 prae-

185 632 417 678 cipuarum
441 629 651 667 Fixarum
675 634 815 667 totum
841 630 957 668 Coeli
983 632 1212 668 circuitum
1237 631 1575 674 includentium;
1602 631 1839 679 praesertim

185 685 299 722 circa
321 683 564 721 Zodiacum
588 682 626 720 &
646 682 937 730 AEquatorem
960 684 1201 731 plurimum
1224 696 1300 731 per
1323 684 1363 722 [e
1387 685 1646 729 conducant,
1669 690 1760 722 tam
1783 686 1838 723 ad

97 744 162 777 204
185 737 480 781 Planetarum,
497 732 512 786 ΙΙ
528 748 664 784 quam
680 736 953 784 reliquarum
964 736 1215 775 Affixarum
1227 737 1462 776 Stellarum
1477 738 1575 775 loca
1589 738 1755 776 caelitus
1769 750 1837 776 ac-

118 804 148 830 10

117 1071 148 1097 15

115 1338 149 1364 20

115 1606 148 1632 25

115 1873 149 1900 30

127 2033 147 2065 †

115 2144 148 2170 35

114 2509 148 2535 4⁵

185 795 333 829 curate
349 789 614 834 denotanda,
631 801 733 828 cum
748 790 909 837 vbique
926 790 1088 837 aliquae
1105 793 1151 828 in
1166 797 1342 838 promtu
1358 791 1448 835 fint,
1465 791 1504 829 &
1520 791 1667 838 quoad
1679 791 1837 830 Ascen-

184 844 350 882 fionem
362 842 539 881 Rec'tam
550 843 996 891 Declinationemque
1008 846 1128 891 prius
1142 843 1386 892 perspectae,
1404 856 1594 892 quarum
1609 844 1836 888 beneficio,

185 900 359 946 ignotus
374 896 565 935 cuiusuis
581 896 727 935 Stellae
743 896 844 935 fitus
860 909 937 944 per
953 897 1241 936 Instrumenta
1257 900 1353 945 capi
1369 899 1498 945 possit,
1516 898 1647 946 idque
1664 899 1837 946 expedi—

185 953 284 990 tiori
303 950 413 989 forte
434 952 617 995 ratione,
639 962 775 998 quam
795 950 825 988 fi
845 950 900 988 ad
920 950 1174 998 Eclipticam
1195 951 1291 989 haec
1312 952 1579 999 redigantur;
1600 951 1837 999 praesertim

185 1004 216 1043 fi
239 1006 337 1052 quis
362 1015 385 1042 e
410 1003 618 1052 distantijs
643 1003 682 1041 8(
707 1003 1101 1048 Declinationibus,
1131 1016 1231 1052 quae
1257 1004 1428 1042 facilius
1453 1005 1739 1049 innotescunt,
1765 1012 1840 1043 aut

185 1060 317 1096 etiam
332 1069 410 1106 per
418 1057 703 1105 AEquatorias
714 1057 939 1102 Armillas,
956 1057 1083 1095 nobis
1100 1059 1146 1095 in
1161 1058 1238 1095 vsu
1254 1057 1438 1102 habitas,
1456 1058 1665 1096 Veterum
1681 1059 1839 1097 Zodia-

184 1111 352 1150 calibus
367 1110 506 1149 multo
523 1113 728 1149 certiores
743 1116 875 1158 atque
892 1111 1195 1158 expeditiores,
1213 1112 1255 1149 id
1271 1111 1445 1159 aggredi
1461 1112 1660 1150 voluerit.

237 1165 447 1203 Attamen
476 1176 578 1202 cum
606 1169 753 1202 motus
778 1164 1030 1202 Affixarum
1060 1164 1307 1209 Stellarum,
1338 1165 1467 1203 Polos
1498 1165 1718 1213 Eclipticae
1749 1177 1840 1203 non

184 1218 440 1266 AEquatoris
460 1217 668 1266 respiciat,
691 1217 729 1256 &
750 1217 990 1256 secundum
1011 1218 1265 1265 Eclipticam
1286 1220 1331 1255 in
1353 1219 1645 1266 Longitudine
1667 1219 1705 1256 8(
1726 1219 1839 1257 Lati-

183 1272 348 1317 tudine,
359 1277 451 1310 tam
463 1271 716 1310 Errantium
727 1283 863 1319 quam
876 1272 1170 1309 Inerrantium
1183 1271 1417 1310 Stellarum
1429 1272 1526 1310 loca
1538 1279 1839 1317 numerentur,

185 1330 317 1374 atque
340 1325 553 1364 relatione
576 1324 707 1373 ipfius
726 1324 889 1363 Affixae
911 1325 1069 1369 Stellae,
1094 1325 1241 1372 quoad
1265 1325 1305 1362 se
1328 1327 1533 1369 inuicem,
1558 1328 1840 1373 impermuta-

183 1378 293 1417 biles
312 1378 404 1424 fint,
427 1379 704 1426 eandemque
726 1379 1030 1426 Longitudinis
1051 1377 1344 1416 differentiam
1366 1385 1578 1426 perpetuo
1602 1379 1839 1423 obtineant,

184 1443 265 1471 nec
281 1432 578 1471 Latitudinem
594 1434 728 1471 etiam
743 1437 925 1477 mutent,
942 1432 1020 1470 nili
1037 1438 1254 1479 quatenus
1270 1434 1343 1470 via
1359 1432 1522 1470 Solaris
1539 1433 1670 1480 longo
1687 1434 1840 1471 Anno-

185 1497 285 1524 rum
299 1484 438 1525 tractu
453 1484 647 1534 respectu
663 1497 830 1530 earum,
847 1487 997 1529 variet,
1015 1486 1133 1533 quod
1149 1491 1298 1523 tamen
1314 1497 1405 1523 non
1417 1486 1529 1524 adeo
1541 1498 1753 1534 magnum
1765 1492 1841 1524 aut

185 1541 270 1578 cito
285 1539 563 1588 perceptibile
580 1539 810 1578 discrimen
826 1541 992 1587 ingerit,
1010 1550 1099 1586 qua
1114 1539 1167 1576 de
1180 1551 1225 1577 re
1237 1539 1383 1586 postea
1394 1539 1524 1577 latius
1536 1551 1734 1587 agemus;
1753 1540 1839 1578 De-

185 1593 444 1632 clinationes
455 1604 561 1631 vero
573 1593 809 1632 Stellarum
820 1592 1068 1631 senfibiliter
1080 1592 1177 1641 alijs
1189 1598 1320 1640 atque
1332 1592 1430 1640 alijs
1442 1594 1586 1631 Annis
1596 1599 1840 1637 mutantur;

185 1657 266 1685 nec
282 1648 415 1685 etiam
427 1646 530 1695 ipsae
542 1646 802 1685 differentiae
814 1646 1145 1684 Ascenfionales
1156 1652 1368 1693 perpetuo
1381 1646 1550 1684 eaedem
1561 1646 1735 1694 prorsus
1746 1659 1839 1694 per-

184 1706 383 1745 manent;
409 1700 574 1739 Idcirco
599 1702 798 1748 apprime
824 1705 1095 1748 oportunum
1120 1702 1210 1743 erit,
1237 1699 1266 1737 fi
1291 1700 1346 1737 ad
1371 1699 1624 1747 Eclipticam
1648 1712 1839 1747 quoque,

185 1754 466 1792 assumtarum
490 1753 726 1792 Stellarum
750 1754 860 1797 loca,
886 1753 1126 1791 secundum
1152 1753 1353 1801 Longum
1378 1759 1510 1800 atque
1537 1753 1695 1791 Latum
1720 1754 1840 1792 rede—

184 1809 388 1856 gerimus,
405 1807 537 1855 idque
554 1806 781 1846 subiuncia
797 1807 1194 1845 Demonstrationis
1210 1806 1432 1844 methodo.

238 1861 294 1899 Vt
309 1866 459 1899 autem
473 1861 738 1900 Dedomena
754 1861 844 1909 ipsa
860 1859 1016 1899 redtius
1033 1863 1078 1898 in
1094 1866 1270 1908 promtu
1286 1860 1376 1903 fint,
1394 1860 1677 1898 Ascenfiones
1689 1859 1840 1899 Rectas

185 1914 224 1953 8(
233 1914 566 1953 Declinationes
575 1915 737 1953 harum
744 1914 992 1958 Stellarum,
1002 1920 1131 1961 prout
1142 1925 1194 1951 ex
1203 1913 1594 1952 Obseruationibus
1601 1915 1722 1951 Anni
1733 1914 1839 1957 1585.

185 1979 212 2006 a
228 1967 394 2007 Lucida
411 1974 458 2009 V
475 1966 589 2007 facto
606 1969 788 2007 exordio
805 1967 1024 2015 acquifitae
1040 1967 1148 2011 sunt,
1166 1979 1284 2005 nunc
1300 1969 1576 2014 praemittam.

242 2033 524 2060 ASCENSIONES
542 2034 682 2060 RECTAE
698 2034 722 2059 ἃ
741 2033 1074 2059 DECLINATIONES
1093 2033 1205 2058 PRIUS
1222 2032 1516 2058 ADHIBITARUM
1534 2032 1785 2061 STELLARUM.

640 2069 770 2101 IDQUE
787 2069 843 2095 AD
860 2069 1017 2094 ANNUM
1038 2069 1104 2094 1585
1120 2068 1390 2094 COMPLETUM.

531 2145 701 2171 NOMINA
717 2145 960 2171 STELLARUM

454 2225 571 2252 Lucida
587 2225 619 2257 Υ

453 2261 573 2288 Oculus
590 2260 623 2294 8

453 2297 528 2323 Calx
545 2296 650 2322 sinistri
667 2296 754 2330 pedis
771 2297 795 2327 Π

454 2332 586 2358 Inferius
603 2332 704 2366 Caput
720 2334 742 2363 Π

453 2368 514 2394 Cor
531 2368 643 2394 Leonis

453 2403 543 2436 Spica
561 2403 698 2436 Virginis

453 2439 591 2465 Borealis
608 2439 731 2465 finistrae
748 2447 862 2465 manus
879 2438 1040 2472 Ophiuchi

453 2475 570 2501 Lucida
586 2475 725 2500 Vulturis

454 2510 553 2536 Prima
570 2511 635 2536 Alae
653 2510 756 2536 Peafi

1762 2552 1838 2589 EX
