2248 3298
449 237 1109 277 PROGYMNASMATUM
1131 238 1335 276 PRIMA
1357 238 1507 277 PARS
1757 239 1808 277 29

156 348 366 387 diameter
387 346 624 384 Eccentrici
645 344 708 388 60,
732 344 805 382 feu
829 344 947 392 quod
970 345 1087 382 idem
1111 344 1178 389 est,
1202 345 1402 392 qualium
1424 357 1476 383 ea
1497 345 1630 389 10000,
1654 345 1808 383 talium

99 411 119 442 -ι-
156 401 461 440 Eccentricitas
475 398 589 443 346÷‚
606 404 737 446 atque
754 397 857 435 hinc
873 398 1001 436 datur
1017 400 1213 436 maxima
1226 398 1529 437 Eccentricitas
1546 399 1588 436 Ρ.
1606 400 1632 436 1.
1652 397 1677 445 l.
1694 399 1779 438 5932.
1793 395 1808 448 ΙΙ

81 462 122 495 33
157 454 355 494 Eandem
366 453 739 491 Eccentricitatem
755 451 845 499 post
855 451 1301 489 ALBATEGNIVM
1319 454 1446 489 annis
1458 453 1555 499 plus
1568 455 1715 490 minus
1728 452 1807 495 190.

155 506 480 547 ARZACHEL
501 505 727 553 Hispanus
748 505 989 548 adinuenit‚
1013 504 1083 542 sed
1104 506 1354 553 Apogaeum
1374 505 1486 543 Solis
1508 505 1808 552 depraehendit

103 571 119 597 ⁵
155 563 362 605 anterius,
382 559 500 608 grad.
516 560 576 603 43,
597 558 696 597 licet
716 558 786 596 hic
809 558 869 605 (vt
885 558 992 604 dixi)
1014 558 1089 596 illo
1111 558 1317 605 posterior
1338 558 1481 601 fuerit:
1504 560 1617 596 vnde
1635 571 1692 597 an
1709 561 1807 596 vtri-

156 626 240 663 que
251 614 322 653 vel
334 615 404 652 cui
417 615 562 661 potius
578 612 806 650 fidendum
821 611 879 655 fit,
897 610 1109 650 hactenus
1125 614 1170 649 in
1187 612 1320 649 dubio
1337 612 1501 650 mansit.
1521 612 1615 649 Nos
1632 612 1807 650 fauente

155 669 365 712 Numine,
382 667 458 705 suo
474 666 573 705 loco
590 665 628 704 8(
643 671 840 713 tempore
857 665 972 703 hanc
989 665 1109 702 litem
1126 666 1394 703 dirimemus.

207 721 408 760 Tandem
423 720 513 768 post
528 720 623 764 hos,
640 719 772 767 longo
789 730 1012 757 annorum
1028 718 1276 762 interuallo,
1293 718 1582 757 NICOLAVS
1600 718 1806 757 COPER-

156 774 332 814 NICVS
351 773 628 818 Toronenfis,
650 775 764 811 circa
784 784 955 811 annum
976 772 1160 810 Domini
1182 773 1266 810 1515
1288 773 1536 820 Apogaeum
1559 772 1670 810 Solis
1692 773 1808 820 apud

89 838 120 864 ιο
155 829 198 868 Ρ.
210 828 247 867 6.
259 828 323 867 Μ.
335 828 388 867 40
401 833 455 872 «ΞΒ,
473 827 511 865 8(
527 827 902 865 Eccentricitatem
918 828 1012 864 eius
1028 832 1136 873 part.
1153 825 1243 869 323,
1261 826 1462 873 qualium
1479 825 1809 863 Semidiameter

156 883 392 922 Eccentrici
408 881 542 925 10000,
559 880 647 918 fiue
663 880 706 918 P.
725 881 751 918 1.
769 879 832 918 M.
849 879 913 923 56,
930 879 1050 917 velut
1067 879 1222 917 eadem
1238 879 1281 916 Ρ.
1299 879 1361 917 60.
1381 877 1406 926 l.
1423 879 1459 922 0,
1477 881 1555 917 rite
1571 878 1611 916 se
1628 879 1807 917 adinue-

99 945 119 976 †
155 937 254 975 nisse
276 934 547 979 autumabat,
568 939 700 982 atque
721 933 824 971 hinc
840 932 1235 980 Prosthaphaerefin
1255 934 1498 971 maximam
1515 932 1556 970 Ρ.
1575 933 1601 970 1.
1621 931 1645 979 l.
1663 933 1704 970 51
1724 932 1807 970 col-

156 990 267 1038 legit.
288 989 456 1027 Verum
475 987 547 1026 hic
567 987 898 1026 intolerabiliter
918 986 1063 1034 lapsus
1084 986 1139 1024 est
1159 986 1354 1024 summus
1375 986 1459 1029 ille,
1482 986 1519 1024 8(
1540 986 1739 1033 alioquin
1756 986 1807 1023 de

155 1043 447 1082 Astronomiae
467 1041 779 1080 instauratione
799 1042 962 1088 optime
978 1042 1160 1078 meritus
1175 1042 1252 1077 vir.
1275 1040 1529 1087 Impossibile
1547 1042 1664 1077 enim
1682 1039 1736 1077 eft
1753 1040 1807 1077 ad

89 1105 119 1131 ¹⁵
156 1096 298 1136 nostra
316 1101 517 1144 tempora
536 1100 628 1134 tam
647 1094 786 1133 subito
802 1096 1023 1132 intantum
1039 1092 1214 1132 audiam
1230 1093 1345 1131 hanc
1363 1093 1747 1136 Eccentricitatem,
1770 1092 1807 1130 &

155 1151 405 1199 Apogaeum
425 1151 471 1187 in
491 1149 796 1187 antecedentia
815 1148 914 1196 plus
934 1150 1102 1196 integro
1122 1148 1260 1195 gradu
1281 1147 1511 1194 repedasse;
1533 1158 1638 1185 nam
1657 1146 1807 1184 nostris

155 1202 559 1246 obseruationibus,
585 1202 623 1240 &
648 1202 751 1240 hinc
776 1200 970 1240 deductis
996 1201 1452 1239 Demonstrationibus
1477 1203 1523 1238 in
1546 1201 1744 1248 Apogaeo
1770 1199 1807 1237 &

156 1257 482 1296 Eccentricitate
498 1256 640 1295 Solari
661 1255 836 1294 nullum
856 1255 1012 1293 subesse
1029 1266 1235 1299 errorem,
1257 1266 1541 1302 nequaquam
1558 1260 1807 1292 controuer-

155 1311 260 1350 fiam
275 1316 483 1349 meretur:
501 1310 552 1348 Et
564 1309 904 1349 Obseruationes
919 1310 1065 1356 eximij
1080 1310 1161 1346 viri
1174 1307 1476 1346 BERNARDI
1492 1307 1808 1345 WALTHERI

85 1372 119 1398 20
155 1364 280 1404 Ciuis
289 1363 619 1412 Noribergenfis
631 1363 843 1402 clarissimi
855 1362 972 1400 illius
984 1361 1461 1400 REGIOMONTANI
1474 1361 1669 1408 discipuli
1678 1361 1807 1398 Nori-

98 1426 119 1458 †
154 1418 311 1467 bergae‚
336 1417 472 1466 paulo
497 1423 598 1456 ante
623 1423 823 1465 tempora
849 1415 1168 1455 COPERNICI
1194 1415 1355 1453 habitae
1387 1415 1456 1461 (de
1482 1415 1639 1462 quibus
1664 1414 1809 1461 postea

154 1471 283 1521 plura
298 1470 490 1510 dicturus
505 1470 617 1517 sum)
638 1470 844 1509 testantur
864 1470 932 1508 his
949 1469 1244 1517 Copernianis
1262 1471 1453 1507 inuentis
1470 1480 1561 1506 non
1577 1470 1808 1506 minimam

154 1525 310 1564 l'ubesse
326 1524 734 1564 hallucinationem.
753 1524 846 1563 Cur
862 1529 1011 1562 autem
1027 1524 1139 1562 adeo
1157 1525 1393 1561 enormiter
1408 1524 1454 1560 in
1470 1523 1669 1569 Apogaeo
1682 1521 1719 1559 8(
1732 1521 1807 1559 Ec-

155 1580 419 1618 centricitate
431 1578 556 1623 Solis,
573 1580 664 1616 imo
679 1583 771 1616 toto
788 1580 882 1616 eius
899 1577 1036 1621 cursu,
1050 1577 1087 1615 8(
1101 1588 1200 1624 quae
1213 1576 1315 1614 hinc
1329 1582 1537 1614 emanant
1549 1575 1807 1623 depromen-

85 1640 119 1667 25
155 1633 233 1678 dis,
253 1633 464 1672 aberrarit
484 1643 672 1680 magnus
692 1631 765 1670 ille
787 1631 1073 1679 Copernicus‚
1095 1642 1213 1668 nunc
1231 1629 1477 1668 occasiones
1498 1629 1732 1671 ostendam,
1755 1639 1807 1666 eo

155 1686 274 1735 quod
290 1686 497 1725 omnibus
512 1685 622 1724 forte
638 1697 730 1724 non
745 1685 824 1723 sint
840 1687 886 1723 in
902 1684 1148 1732 propatulo.
1167 1680 1181 1734 ΙΙ

81 1809 124 1842 34
157 1796 249 1841 DE
276 1795 682 1841 OCCASIONE
711 1794 966 1840 LAPSUS
995 1793 1371 1839 COPERNICI
1401 1792 1474 1836 IN
1499 1791 1806 1836 APOGAEO

272 1864 310 1904 &
331 1863 849 1904 ECCENTRICITATE
871 1863 1044 1906 SOLIS,
1065 1862 1360 1908 ADEOQUE
1381 1860 1541 1899 TOTO
1565 1859 1695 1899 EIUS

437 1926 783 1966 CURRICULO
806 1925 1044 1964 EXACTE
1066 1923 1531 1964 CONSIGNANDO.

86 2016 121 2042 ³0
236 2007 447 2047 RIMUM
468 2010 582 2046 circa
598 2007 906 2046 Eleuationem
923 2006 1016 2044 Poli
1037 2006 1098 2044 sui
1118 2005 1201 2043 loci
1217 2004 1465 2042 senfibiliter
1481 2003 1688 2045 deuiauit‚
1711 2014 1808 2040 eam

235 2060 343 2100 iusto
354 2063 574 2100 minorem
586 2060 850 2104 assumendo‚
859 2060 994 2098 veluti
1007 2062 1100 2097 eius
1112 2061 1174 2097 rei
1186 2058 1272 2106 ipse
1284 2057 1528 2106 periculum
1539 2056 1632 2094 fieri
1643 2057 1807 2094 curaui.

157 2113 274 2154 Cum
290 2117 410 2153 enim
426 2126 480 2153 ex
495 2115 664 2162 aliquot
680 2125 903 2152 annorum
920 2116 965 2151 in
982 2119 1106 2151 motu
1118 2113 1230 2151 Solis
1247 2112 1473 2159 diligenter
1485 2110 1643 2148 habitis
1655 2111 1808 2147 Anim-

156 2168 499 2213 aduerfionibus,
520 2168 619 2207 satis
635 2166 905 2216 perspectum
922 2167 1132 2205 haberem
1149 2166 1385 2213 Copernici
1401 2175 1623 2205 numeros.
1645 2174 1808 2210 nequa-

157 2233 292 2270 quam
308 2222 479 2261 Caeleffi
494 2233 666 2261 normae
683 2223 728 2259 in
745 2223 840 2259 eius
856 2219 989 2259 ductu
1009 2220 1108 2258 satis
1126 2218 1301 2267 praecise
1319 2218 1667 2265 correspondere.
1689 2215 1808 2254 diffe-

87 2283 121 2310 ³⁵
157 2277 296 2315 tentia
305 2287 632 2324 nonnunquam
641 2275 858 2313 incidente
868 2276 1036 2313 maiore
1047 2274 1203 2312 semisse
1211 2275 1341 2310 vnius
1351 2272 1521 2320 gradus,
1530 2282 1621 2308 non
1631 2270 1809 2308 dubiam

157 2331 250 2378 cepi
271 2328 580 2374 coniecturam,
601 2328 742 2377 ipsum
760 2328 1053 2366 Altitudinem
1074 2327 1166 2365 Poli
1188 2329 1233 2364 in
1254 2327 1351 2364 loco
1371 2325 1459 2363 suae
1482 2324 1810 2363 Obseruationis

156 2384 290 2421 ternis
305 2394 418 2432 pene
433 2382 646 2431 scrupulis
662 2382 770 2420 iusto
786 2381 1017 2420 arctiorem
1034 2380 1251 2423 admifisse‚
1274 2379 1391 2427 quod
1413 2379 1514 2416 inde
1537 2377 1661 2415 facile
1679 2378 1809 2414 etiam

156 2438 307 2484 patuit,
330 2438 436 2485 quia
456 2436 814 2475 Declinationem
834 2437 1077 2473 maximam
1099 2434 1243 2472 debito
1266 2435 1497 2475 minorem,
1521 2431 1656 2469 tribus
1679 2432 1809 2468 etiam

156 2491 337 2528 minutis
351 2490 674 2539 propemodum
690 2489 891 2533 statuerit,
908 2495 951 2526 vt
968 2489 1023 2526 ob
1040 2489 1082 2526 id
1100 2499 1152 2525 ex
1169 2487 1411 2524 Altitudine
1429 2485 1540 2524 Solis
1556 2486 1751 2522 maxima
1772 2482 1808 2520 8(

88 2550 122 2576 40
156 2544 342 2582 minima
367 2555 470 2582 eum
492 2550 583 2582 tam
606 2543 808 2581 Polarem
832 2542 1152 2584 Eleuationem,
1179 2552 1314 2587 quam
1339 2541 1581 2577 maximam
1606 2537 1808 2575 Declina-

1645 2599 1808 2627 nonem
