2164 3246
410 227 1069 267 PROGYMNASMATUM
1090 229 1293 268 PRIMA
1315 231 1465 270 PARS
1716 231 1765 270 89

168 334 288 373 Patet
311 335 443 372 etiam
465 332 580 378 hinc,
605 333 724 381 quod
747 334 853 371 dum
876 340 1007 372 antea
1030 335 1276 374 occasiones
1299 337 1442 384 lapsus
1464 337 1697 385 Copernici
1722 340 1766 375 in

116 387 230 427 Solis
245 388 445 435 Apogaeo
462 386 500 424 8(
517 386 856 431 Eccentricitate,
877 393 1056 435 totoque
1078 391 1172 426 eius
1193 391 1409 428 curriculo
1426 391 1685 435 ordinando,
1707 392 1766 429 di-

116 441 339 485 scuterem,
361 451 433 478 me
456 451 548 478 non
570 439 670 487 plus
693 439 800 478 iusto
824 440 1038 489 derogasse
1061 442 1191 489 ipfius
1214 445 1417 487 inuentis,
1444 444 1548 481 dum
1572 445 1595 481 4
1618 444 1767 482 saltem

116 496 221 533 min.
238 494 295 532 ob
311 491 645 537 Refractionem‚
667 492 816 531 Solem
837 495 959 532 iuxta
986 501 1024 542 m
1048 495 1327 534 medietatem
1347 499 1494 534 minus
1515 497 1630 535 fuisse
1652 497 1767 535 exal-

32 555 94 588 104
116 553 268 592 tatum,
285 558 421 595 quam
436 546 523 595 ipse
539 546 821 591 existimabat,
838 543 853 597 ΙΙ
869 559 970 594 quae
987 548 1027 585 13
1044 551 1243 595 proxime
1260 551 1429 587 minuta
1446 552 1490 587 in
1508 552 1600 588 eius
1613 551 1767 598 Longi-

49 823 80 849 lo

51 1090 82 1116 1⁵

49 1356 83 1442 48

114 601 265 640 tudine
281 600 467 639 alterare
483 600 656 648 possent,
673 600 911 638 assererem.
930 600 1157 648 Siquidem
1173 601 1202 639 fi
1213 602 1431 640 Tabulam
1444 603 1769 641 Refractionum

115 653 444 702 respexerimus,
467 655 624 701 poterit
647 655 761 691 circa
781 653 1074 692 Altitudinem
1096 654 1138 692 P.
1157 655 1215 694 19}
1243 656 1438 693 accidere
1461 655 1673 694 Refradtio
1696 657 1768 694 ad-

115 707 202 747 huc
217 709 372 753 maior,
388 712 535 755 vtpote
553 705 579 755 l.
591 707 628 745 4.
642 705 686 755 ll.
698 706 751 745 50
766 709 979 754 proxime,
996 719 1097 755 quae
1110 708 1448 756 Longitudinem
1461 709 1572 747 Solis
1587 716 1768 753 mutant,

115 763 238 800 iuxta
257 760 376 799 illius
395 760 515 809 Signi
535 765 681 808 partes
701 760 870 798 medias
891 760 933 798 16
953 761 1009 798 ad
1030 762 1266 799 minimum
1288 761 1509 809 scrupulis,
1535 774 1674 810 eaque
1696 763 1770 801 Sol

115 816 190 854 vix
209 816 324 853 intra
344 814 495 853 Horas
515 813 563 854 δὲ
582 813 778 852 absoluit.
798 813 966 852 Verum
987 825 1066 862 ego
1086 815 1226 852 malui
1242 815 1265 852 4
1282 817 1453 853 minuta
1475 818 1631 853 erroris
1653 827 1704 853 eo
1726 818 1770 853 in

116 868 215 907 loco
234 869 406 906 ratione
422 865 722 912 Refractionis,
743 866 916 911 inferre,
939 879 994 905 ne
1015 869 1062 904 in
1081 870 1189 906 tanti
1205 868 1298 905 Viri
1314 868 1474 915 placita
1491 869 1666 916 eiusque
1685 869 1770 907 Ob-

116 921 385 961 seruationes
396 922 561 959 nimius
569 920 752 959 viderer.
765 920 902 958 Potest
913 920 1125 968 fiquidem
1137 920 1243 965 fieri,
1254 928 1297 959 vt
1308 921 1521 960 Refraetio
1531 922 1770 969 aliquando

116 977 240 1014 iuxta
250 974 377 1013 illum
388 974 645 1013 Altitudinis
655 974 817 1019 locum,
832 979 1049 1022 quaterna
1059 974 1262 1022 scrupula
1273 987 1365 1012 non
1377 975 1571 1019 excedat;
1590 975 1771 1023 Oportet

117 1033 266 1068 autem
285 1033 390 1067 tunc
409 1027 559 1073 adesse,
583 1039 676 1066 non
695 1027 847 1066 saltem
866 1027 1141 1066 serenitatem
1161 1030 1387 1075 optimam,
1411 1028 1480 1066 sed
1501 1030 1664 1067 Aerem
1685 1041 1771 1067 vna

117 1081 359 1121 admodum
374 1093 538 1129 purum
554 1081 593 1119 8(
608 1080 882 1125 defaecatum,
899 1083 959 1119 ita
974 1087 1018 1119 vt
1034 1093 1170 1129 quam
1185 1084 1422 1120 minimum
1437 1081 1584 1120 Terrae
1601 1084 1771 1130 vapori-

117 1135 199 1174 bus
209 1134 256 1174 fit
267 1135 504 1174 obnoxius:
522 1134 655 1182 Quod
671 1135 876 1173 rarissime
890 1134 986 1173 fieri
997 1137 1043 1172 in
1054 1135 1130 1173 illo
1143 1135 1402 1179 Horizonte‚
1415 1136 1486 1173 vbi
1499 1135 1772 1183 Copernicus

117 1188 216 1228 suas
232 1188 573 1228 obseruationes
589 1188 778 1233 instituit,
798 1188 869 1226 vel
889 1188 991 1226 inde
1008 1188 1210 1236 colligere
1226 1189 1336 1233 licet,
1359 1191 1462 1236 quia
1478 1188 1655 1236 ipsemet
1671 1201 1771 1227 con-

118 1244 314 1291 queritur
334 1242 426 1281 Lib.
442 1254 482 1280 v.
500 1241 609 1290 Cap.
627 1242 691 1286 30,
712 1242 784 1280 vbi
805 1242 858 1280 de
879 1242 1193 1280 recentioribus
1214 1242 1423 1290 Mercurij
1449 1241 1771 1280 Obseruationi-

117 1295 200 1335 bus
222 1297 376 1344 agitur,
399 1295 612 1334 Vistulam
633 1295 795 1344 spirare
818 1295 907 1334 illic
930 1296 1058 1334 Aeris
1082 1297 1381 1343 impuriorem,
1405 1295 1634 1343 minusque
1657 1302 1771 1333 tran-

120 1349 305 1398 quillam
316 1348 680 1394 constitutionem,
692 1349 805 1388 adeo
817 1355 860 1387 vt
872 1349 1018 1387 nullas
1029 1361 1226 1396 vnquam
1239 1349 1446 1397 Mercurij
1465 1349 1599 1396 (quod
1612 1351 1773 1387 mirum

120 1401 192 1450 est)
212 1401 367 1441 nad'tus
382 1402 429 1441 fit
444 1402 868 1441 animaduerfiones:
889 1401 960 1441 sed
977 1414 1064 1447 eas,
1084 1403 1242 1450 quibus
1258 1404 1389 1440 vtitur
1405 1414 1432 1440 a
1448 1402 1772 1440 BERNARDO

118 1455 459 1495 WALTHERO
476 1455 956 1495 REGIOMONTANI
973 1456 1210 1504 Discipulo,
1233 1456 1271 1494 &
1292 1456 1576 1494 IOHANNE
1593 1455 1773 1494 SCHO·

120 1509 282 1549 NERO
297 1512 493 1548 mutuari
508 1515 751 1558 cogeretur;
767 1509 866 1548 licet
882 1521 938 1548 ne
954 1509 1026 1548 hae
1043 1510 1221 1557 quidem
1239 1510 1299 1556 (vt
1310 1510 1352 1547 id
1365 1521 1541 1557 quoque
1554 1509 1691 1547 obiter
1703 1508 1773 1546 hic

119 1562 347 1610 moneam)
359 1565 485 1602 certis
496 1563 549 1602 de
561 1563 711 1608 causis,
723 1562 823 1602 satis
835 1561 999 1602 exactae
1011 1562 1183 1601 fuerint.
1197 1563 1291 1601 Nec
1303 1562 1358 1600 est
1370 1563 1487 1610 quod
1501 1562 1773 1600 COPERNI-

121 1616 231 1656 CVS
246 1616 421 1665 insuper
436 1628 646 1665 magnam
661 1616 859 1665 Sphaerae
876 1617 1178 1664 obliquitatem
1194 1616 1257 1654 sui
1274 1616 1357 1654 loci
1373 1615 1547 1659 incuset,
1565 1615 1775 1663 fiquidem

119 1681 202 1709 nos
217 1669 364 1709 adhuc
378 1670 478 1719 plus
493 1670 641 1709 versus
657 1671 849 1709 Boream
869 1672 1038 1714 remoti,
1061 1670 1099 1708 &
1120 1670 1254 1717 paulo
1271 1669 1563 1717 obliquiorem
1579 1669 1775 1716 Sphaerae

119 1723 246 1762 litum
260 1723 570 1769 inhabitantes,
591 1724 815 1762 multoties
831 1724 1040 1772 Mercurij
1061 1723 1252 1766 Stellam,
1274 1729 1364 1761 tam
1381 1723 1520 1761 anm
1537 1734 1672 1769 quam
1687 1722 1774 1760 ves-

119 1779 338 1825 pertinam
348 1778 552 1822 vidimus,
567 1777 606 1816 &
620 1778 847 1826 diligenter
858 1789 935 1825 per
947 1777 1247 1820 Instrumenta,
1265 1777 1483 1814 interdum
1495 1776 1662 1823 aliquot
1675 1787 1774 1813 con-

120 1832 255 1870 tinuis
270 1831 424 1870 diebus
440 1831 620 1877 caelitus‚
637 1831 830 1870 demenfi
845 1831 1011 1869 sumus:
1029 1831 1123 1868 Imo
1135 1833 1208 1868 vix
1225 1830 1384 1877 aliquis
1397 1831 1603 1877 praeterijt
1617 1840 1774 1872 annus,

121 1883 350 1933 postquam
360 1896 514 1923 curam
524 1886 664 1933 magis
675 1885 896 1929 assiduam,
909 1885 964 1923 ad
976 1884 1057 1923 has
1067 1884 1459 1931 contemplationes
1469 1882 1774 1930 applicuimus,

121 1939 230 1986 quin
249 1937 502 1977 Mercurius
521 1950 548 1977 a
568 1938 696 1977 nobis
716 1937 1062 1981 animaduersus,
1086 1937 1123 1975 &
1147 1948 1223 1985 per
1245 1937 1423 1984 Organa
1444 1936 1588 1974 debita
1610 1935 1655 1973 fit
1679 1935 1776 1973 satis

121 1990 297 2039 praecise
306 1991 564 2040 designatus.
577 1992 662 2031 Sed
671 1992 728 2031 ad
737 2003 831 2030 rem
840 1991 984 2030 rede0.
999 1989 1319 2029 Refractionem
1331 1992 1478 2037 itaque
1492 2000 1775 2036 nequaquam

121 2046 307 2084 nimiam
323 2044 560 2093 Copernici
577 2045 829 2084 Obseruatis
851 2045 1003 2089 obieci,
1025 2056 1126 2082 cum
1148 2056 1200 2082 ea
1221 2043 1365 2082 adhuc
1386 2054 1474 2081 vno
1495 2042 1583 2080 fere
1605 2045 1775 2080 minuto

121 2099 245 2138 iuxta
255 2098 455 2138 Canonis
471 2098 601 2137 nostri
618 2101 811 2138 rationes
826 2101 969 2137 maior
986 2098 1062 2136 esse
1079 2098 1208 2145 possit,
1227 2097 1264 2135 &
1280 2103 1511 2144 propterea
1527 2096 1624 2143 plus
1638 2097 1775 2133 varie-

121 2153 220 2190 tatis
234 2153 281 2190 in
296 2151 395 2190 loco
411 2152 525 2191 Solis
540 2154 750 2201 ingerere.
769 2152 818 2190 In
829 2151 1002 2190 Tabula
1018 2157 1167 2189 autem
1183 2151 1259 2188 illa
1274 2150 1469 2188 consulto
1483 2147 1776 2187 Refrafflones

123 2215 210 2251 eas,
226 2216 327 2253 quae
338 2205 627 2254 vtplurimum
639 2206 771 2245 Coelo
782 2205 881 2244 satis
893 2205 1044 2243 sereno
1057 2204 1179 2247 fiunt.
1195 2205 1416 2247 denotaui,
1429 2214 1618 2250 quaeque
1630 2203 1776 2240 medio

123 2258 244 2306 quafi
257 2259 393 2298 modo
408 2259 449 2298 se
465 2259 670 2304 habeant,
687 2259 785 2298 licet
801 2258 1044 2307 aliquando
1055 2264 1178 2296 tanta
1189 2259 1316 2295 Aeris
1328 2259 1494 2304 puritas
1507 2256 1545 2293 &
1556 2256 1775 2297 subtilitas,

123 2317 254 2360 atque
270 2323 298 2351 a
311 2313 550 2361 vaporibus
567 2313 795 2351 defaecatio
812 2312 988 2351 existere
1005 2312 1134 2359 possit,
1151 2318 1194 2349 vt
1211 2312 1252 2349 19
1268 2311 1426 2358 gradus
1439 2309 1693 2347 Altitudinis
1705 2311 1776 2346 vix

123 2365 148 2403 4
162 2367 334 2405 minuta
350 2364 636 2405 Resrac'tiom's
652 2366 883 2411 insinuent,
900 2371 992 2403 vtut
1007 2365 1190 2403 Tabella
1206 2366 1343 2412 quina
1360 2363 1578 2401 exhibeat:
1599 2362 1635 2399 8(
1655 2362 1707 2399 fic
1724 2362 1775 2399 de

124 2421 303 2457 caeteris.
327 2418 447 2458 Nam
470 2419 566 2458 haec
590 2420 645 2458 ad
668 2420 865 2458 amussim
888 2422 947 2457 ita
970 2419 1170 2462 limitare,
1194 2424 1237 2455 vt
1260 2417 1370 2455 nihil
1394 2416 1565 2464 prorsus
1586 2415 1687 2453 defit
1708 2415 1776 2452 vel

123 2471 328 2517 abundet,
345 2473 401 2511 ob
412 2474 542 2511 Aeris
558 2475 691 2511 etiam
704 2473 950 2511 serenissimi
961 2484 1053 2510 non
1065 2471 1232 2518 semper
1244 2471 1431 2508 eandem
1443 2469 1648 2516 exquisite
1662 2470 1775 2515 puri-

123 2529 270 2571 tatem,
285 2526 460 2574 prorsus
476 2526 532 2564 est
547 2526 812 2574 impossibile.
829 2526 996 2564 Verum
1012 2524 1107 2563 haec
1124 2525 1176 2562 de
1194 2525 1261 2562 his
1277 2523 1374 2562 satis
1391 2523 1615 2611 [υρετῑᾳυὲ.
1675 2574 1700 2610 l·
1767 2575 1771 2580 .

233 2587 264 2612 12
1615 2586 1670 2620 xp
1691 2585 1774 2610 icui
