2243 3225
407 200 482 237 402
779 191 1232 233 ASTRONOMIAE
1253 187 1676 228 INSTAURATAE

408 304 608 346 uembris,
626 302 663 339 8(
679 302 702 339 3
715 302 905 347 Ianuarij
922 299 1109 346 prodidit
1120 298 1242 336 illam
1253 296 1369 334 fuisse
1381 300 1488 343 part.
1501 294 1564 332 20.
1578 292 1590 342 l
1597 325 1604 332 .
1617 294 1675 333 93.
1693 293 1778 331 Die
1789 293 1839 332 27
1852 293 2049 332 Nouem-

406 359 490 395 bris
507 356 544 393 &
560 356 583 394 3
600 355 748 401 Martij
767 359 873 401 part.
890 353 953 390 20.
972 351 997 399 l.
1015 352 1072 391 93.
1095 351 1242 398 Martij
1262 355 1411 388 autem
1428 348 1512 386 Die
1528 347 1570 385 12
1584 352 1692 394 part.
1709 347 1772 385 20.
1791 345 1817 394 l.
1834 347 1892 387 93.
1914 346 1959 385 Si
1974 349 2048 395 igi-

405 419 472 448 tur
489 409 783 455 acceperimus
799 406 870 443 hic
886 411 993 453 part.
1010 404 1073 442 20.
1092 403 1117 451 l.
1135 404 1193 447 9ὲ,
1210 414 1289 451 pro
1307 404 1454 440 citima
1468 400 1725 445 Altitudine,
1741 399 1853 438 nihil
1869 400 1988 447 quod
2003 402 2049 438 in

405 463 514 500 vllos
530 461 673 499 sensus
690 460 843 498 cadere
859 459 988 506 possit‚
1006 456 1320 495 aberrabimus.
1338 455 1458 493 Nam
1471 454 1568 492 haec
1579 453 1726 491 media
1738 453 1793 491 est
1803 455 1916 491 inter
1926 453 2048 497 alias,

404 527 479 563 per
501 515 541 552 se
561 514 783 551 modicum
804 511 1064 554 differentes,
1086 509 1124 547 8(
1144 509 1209 547 bis
1230 509 1456 556 diligenter
1477 507 1634 546 eodem
1653 507 1787 545 modo
1808 505 2048 545 obseruata.
2087 519 2103 544 5

404 567 643 606 Habebunt
659 568 785 614 igitur
800 565 840 602 se
857 565 1052 602 limitatae
1070 563 1108 601 &
1125 561 1288 601 exactae
1304 561 1571 600 Altitudines
1587 560 1732 599 Stellae
1748 560 1896 598 Nouae
1912 561 1958 598 in
1973 559 2049 598 illo

404 622 660 663 Horizonte‚
678 622 723 657 in
739 618 856 656 hunc
872 618 1067 655 modum.

500 714 833 747 ALTITUDINES
855 711 1159 744 MERIDIANAE
1181 711 1391 742 MAXIMA
1411 710 1441 742 8(
1463 709 1670 747 ΜΙΝΙΜΑ,
1692 708 1952 742 AUGUSTAE

783 764 1187 802 VINDELICORUM,
1208 764 1293 795 PER
1313 762 1664 802 QUADRANTEM

903 817 1222 850 PERMAGNUM
1245 817 1546 849 DILIGENTER
2090 821 2120 847 10

1100 870 1348 903 ACCEPTAE.
1374 916 1394 941 Ρ

825 963 1024 1001 Altitudo
1041 962 1244 1000 Maxima
1360 961 1411 1000 76
1467 961 1518 999 34
1574 960 1626 998 30

825 1016 1024 1054 Altitudo
1041 1016 1234 1054 Minima
1360 1015 1412 1053 20
1493 1015 1518 1053 9
1574 1013 1626 1052 30

826 1069 1088 1108 Differentia
1103 1068 1264 1107 harum
1360 1068 1411 1106 56
1467 1068 1518 1106 25
1600 1067 1626 1105 O
2091 1079 2120 1104 15

826 1124 930 1161 Eius
947 1123 1179 1161 dimidium
1360 1121 1411 1160 28
1476 1121 1518 1159 12
1574 1120 1626 1158 30

458 1205 703 1243 Dimidium
726 1206 872 1251 itaque
896 1203 949 1241 fic
972 1208 1205 1250 repertum,
1229 1201 1259 1239 fi
1282 1202 1468 1240 addatur
1487 1200 1721 1239 Altitudini
1742 1199 1960 1243 Minimae‚
1982 1199 2052 1238 vel

404 1258 678 1296 subtrahatur
694 1258 720 1294 a
736 1257 950 1300 Maxima,
972 1256 1171 1304 producit
1188 1255 1495 1294 Eleuationem
1511 1254 1605 1292 Poli
1622 1254 1707 1292 loci
1724 1253 2053 1292 Obseruationis

405 1323 538 1359 prope
564 1310 803 1359 Augustam
828 1310 1159 1348 Vindelicorum
1183 1314 1290 1357 part.
1312 1309 1374 1347 48.
1401 1307 1426 1357 l.
1448 1308 1511 1346 22.
1538 1307 1696 1355 Qualis
1720 1309 1853 1346 etiam
1877 1305 2052 1354 praecise

403 1365 489 1403 illic
511 1377 533 1403 e
554 1364 943 1412 circumpolaribus
959 1363 1114 1406 Stellis,
1136 1362 1336 1410 adeoque
1358 1361 1448 1410 ipsa
1463 1361 1608 1400 Polari
1628 1372 1706 1409 per
1726 1360 1918 1399 eundem
1933 1359 2052 1407 Qua·
2089 1371 2122 1398 zo

404 1419 602 1456 drantem
623 1418 924 1465 saepenumero
946 1415 1231 1464 depraehensa
1251 1415 1319 1460 est,
1341 1415 1719 1463 quemadmodum
1739 1411 1947 1462 praedicto
1968 1412 2052 1452 Ca·

404 1474 488 1519 pite
515 1484 537 1509 e
563 1472 725 1515 decem,
756 1482 832 1518 per
858 1470 1049 1509 diuersas
1075 1469 1243 1513 Stellas,
1272 1467 1395 1507 factis
1421 1467 1812 1508 obseruationibus
1837 1467 2053 1506 vberrime

404 1525 577 1563 ostendi.
601 1525 758 1572 Neque
780 1526 898 1562 enim
919 1523 1071 1561 frustra
1087 1525 1212 1561 toties
1228 1522 1414 1570 idipsum
1430 1524 1595 1571 repetii,
1617 1533 1718 1560 cum
1733 1520 1924 1559 multum
1939 1531 1993 1559 ea
2007 1521 2053 1558 in

404 1590 448 1616 re
470 1578 592 1616 situm
614 1578 671 1621 fit,
693 1578 871 1625 qualem
891 1577 1090 1615 videlicet
1112 1574 1260 1614 exacte
1282 1575 1622 1623 circumpolares
1643 1574 1788 1614 Stellae
1809 1574 2054 1622 praeberent

404 1631 495 1669 Poli
512 1631 830 1675 sublimitatem,
852 1636 895 1668 vt
911 1642 976 1674 ea,
998 1642 1098 1677 quae
1115 1641 1234 1668 nunc
1249 1629 1585 1677 superinducere
1601 1628 1848 1677 satagimus,
1869 1628 2054 1666 certiora
2089 1638 2122 1664 25

404 1685 441 1722 8(
462 1685 736 1723 euidentiora
757 1684 960 1722 euadant.
983 1680 997 1733 ΙΙ
1019 1684 1138 1721 Nam
1159 1683 1278 1730 quod
1299 1683 1385 1721 illic
1406 1685 1452 1720 in
1473 1683 1645 1721 duabus
1664 1681 1735 1720 vel
1754 1681 1891 1720 tribus
1911 1679 2054 1720 stellis
2076 1684 2138 1718 446

403 1738 495 1775 Poli
512 1738 710 1776 Altitudo
727 1737 908 1776 dimidio
924 1737 1126 1784 scrupulo
1142 1738 1286 1774 maior
1301 1738 1567 1784 prouenerit‚
1589 1734 1916 1774 Refrac’tionum
1931 1745 2052 1773 occa·

403 1791 519 1829 fione
532 1792 586 1829 ob
599 1791 753 1830 Stellas
769 1791 866 1829 illas
878 1793 923 1828 in
935 1792 1081 1829 citima
1093 1790 1336 1828 Altitudine
1353 1790 1582 1837 aliquanto
1599 1789 1871 1833 decliuiores,
1887 1787 2053 1832 accidit,

403 1845 536 1882 veluti
562 1845 746 1892 idipsum
772 1845 826 1883 ob
852 1844 1012 1882 harum
1038 1855 1215 1891 quoque
1241 1844 1589 1891 implicationem
1618 1843 1706 1880 illic
1737 1841 2052 1880 excusabimus.

404 1898 496 1936 Prae
518 1901 684 1936 caeteris
705 1904 853 1936 autern
874 1897 1080 1935 omnibus
1101 1897 1191 1944 ipsa
1211 1897 1379 1935 Polaris
1397 1897 1542 1941 Stella,
1564 1898 1781 1944 optimum
1802 1895 1841 1933 &
1860 1896 2053 1934 maxime
2089 1904 2122 1931 ³0

404 1958 546 1989 ratum
563 1951 633 1989 hic
650 1951 729 1989 fert
740 1951 1068 1994 Testimonium,
1086 1962 1186 1988 cum
1203 1952 1439 1988 minimum
1453 1950 1660 1989 describat
1673 1949 1913 1993 Circulum,
1925 1947 2053 1986 &Re-

404 2003 601 2043 frac‘tioni
618 2005 790 2052 prorsus
807 2004 916 2042 nulh'
933 2004 1037 2052 subij
1045 2006 1194 2048 ciatur,
1211 2010 1305 2042 tum
1322 2006 1455 2042 etiam
1470 2016 1547 2052 per
1562 2003 1616 2045 se.
1635 2015 1715 2041 nec
1731 2004 1864 2041 nimis
1879 2012 2053 2050 magna.

404 2070 482 2095 nec
504 2058 744 2095 admodum
766 2058 889 2095 exilis
910 2064 1132 2105 appareat,
1154 2057 1223 2096 sed
1241 2058 1387 2096 medio
1404 2058 1538 2096 modo
1554 2057 1594 2095 se
1611 2057 1780 2095 habens
1796 2055 2052 2094 collimatio·

404 2122 505 2148 nem
522 2118 784 2153 accuratam,
802 2114 1014 2158 promtius
1031 2111 1251 2159 largiatur.

452 2165 505 2209 Jn
518 2176 606 2211 qua
619 2167 749 2202 etiarn
761 2164 893 2202 Stella
905 2165 947 2202 id
960 2165 1121 2203 ibidem
1133 2165 1514 2202 animaduersione
1527 2165 1721 2212 dignum,
1736 2162 1854 2211 quod
1867 2162 2054 2201 eandem
2089 2171 2121 2199 35

405 2217 575 2263 prorsus
593 2218 660 2255 vel
677 2220 721 2255 in
738 2217 835 2264 ipfis
852 2217 1048 2256 secundis
1066 2219 1257 2265 praebeat
1274 2225 1376 2256 tunc
1392 2218 1622 2265 Temporis
1635 2229 1661 2255 a
1673 2217 1780 2255 Polo
1796 2215 2052 2259 distantiam,

405 2270 491 2307 siue
504 2271 620 2317 quod
634 2271 749 2308 idern
762 2271 828 2313 est,
845 2271 1164 2309 Declinationis
1177 2271 1579 2319 Complementum,
1592 2282 1728 2318 quam
1739 2269 1868 2308 nostri
1880 2269 2053 2308 numeri

406 2325 449 2360 in
467 2323 562 2360 loco
580 2326 673 2361 eius
690 2324 854 2361 caelitus
872 2326 897 2361 a
914 2325 1039 2362 nobis
1056 2324 1278 2363 verificato
1296 2325 1519 2366 exhibent:
1536 2332 1579 2363 vt
1596 2324 1698 2362 hinc
1715 2334 1893 2372 quoque
1909 2327 2053 2372 pateat

406 2376 742 2414 Obseruationes
760 2378 985 2425 vtrobique
1003 2378 1257 2416 adamussim
1274 2378 1478 2417 constare.

459 2429 738 2467 Manifestum
770 2433 914 2477 itaque
946 2432 1091 2469 euadit
1118 2431 1296 2469 Stellam
1327 2432 1441 2470 hanc
1468 2432 1661 2474 Nouam,
1692 2430 1866 2478 prorsus
1895 2429 2051 2468 eodem
2087 2438 2120 2465 σο

405 2490 553 2520 tenore
580 2485 691 2521 circa
718 2484 872 2521 Polum
903 2484 1163 2525 reuolutam.
1195 2497 1282 2531 quo
1314 2492 1483 2523 caeterae
1510 2485 1851 2532 circumpolares
1877 2482 2050 2522 Mundo

1874 2546 2052 2578 coaeuae.
