2243 3225
375 217 452 254 226
749 211 1204 251 ASTRONOMIAE
1225 206 1648 249 INSTAURATAE

427 322 582 367 Neque
592 327 739 358 tamen
750 318 844 356 haec
855 321 968 356 circa
976 318 1271 355 Werneriana
1280 317 1451 364 placita,
1464 315 1563 353 ideo
1574 326 1886 359 commemoro,
1899 316 2018 363 quod

374 375 463 411 Viri
480 374 595 411 illius
613 374 773 419 eximij‚
790 383 882 409 non
897 371 1046 409 saltem
1061 371 1113 408 de
1126 370 1255 408 rebus
1266 369 1580 407 Astronomicis
1592 367 1630 405 &
1641 367 1932 417 Astrologicis,
1947 368 2019 407 sed

371 428 568 473 inprimis
586 425 874 463 Geometricis
893 424 1004 462 bene
1020 425 1162 461 meriti
1178 424 1441 460 memoriam
1457 427 1588 469 atque
1605 420 1823 459 honorem
1839 427 2018 460 extenu-

371 491 444 517 are
466 481 655 525 cupiam;
679 489 778 515 cum
798 477 925 515 fuerit
946 477 1055 514 alias
1077 478 1199 514 omni
1219 475 1350 514 laude
1371 481 1502 522 atque
1522 474 1823 513 recordatione
1839 475 2018 523 dignissi-

371 544 479 569 mus.
502 532 585 569 Sed
602 533 706 578 quia
722 530 959 568 Veritatem
980 528 1178 567 exactam
1198 531 1312 566 circa
1327 527 1579 566 Affixarum
1594 527 1829 566 Stellarum
1849 527 2018 576 dispofi-
2055 542 2072 567 ⁵

370 587 509 622 tiones
526 590 654 631 atque
672 585 970 631 promotiones
987 583 1058 620 hic
1075 594 1097 620 e
1114 582 1314 626 tenebris,
1333 581 1492 628 quibus
1508 579 1720 619 haetenus
1736 581 1939 620 inuoluta
1950 581 2018 626 est,

371 649 520 675 eruere
537 644 667 684 atque
683 639 729 674 in
745 643 946 683 apertum
962 636 1176 674 deducere
1193 637 1369 673 animus
1386 634 1453 679 est,
1470 646 1525 672 ne
1542 636 1650 672 tanti
1663 634 1926 679 Astronomi,
1943 636 2020 682 qui

369 702 461 728 rem
485 690 599 728 hanc
623 702 675 727 ex
698 689 877 737 professo
900 689 1110 736 aggressus
1132 688 1315 732 videtur,
1341 687 1612 732 Authoritas‚
1639 686 1864 726 subtilibus
1887 690 2019 726 etiam

370 743 638 781 Geometriae
651 742 1105 780 Demonstrationibus
1117 747 1341 786 exornata,
1354 743 1416 779 rei
1429 740 1620 788 quaefitae
1632 740 1848 779 Centrum
1859 741 2018 779 Eccen-

368 799 523 834 tricum
545 796 661 843 apud
683 798 882 833 incautos
903 795 1112 838 redderet,
1133 794 1230 832 haec
1246 805 1517 842 praeponere,
1539 793 1720 842 alijsque
1736 793 2019 842 dijudicanda
2059 806 2091 832 ιο

368 850 627 896 relinquere,
645 851 990 896 operaeprecium
1006 848 1123 886 duxi.

460 954 804 993 UAPROPTER
825 966 925 992 cum
942 966 995 992 ex
1012 954 1369 992 antecedentibus
1385 953 1483 992 satis
1499 953 1713 1002 superque
1729 953 1906 1002 liqueat,
1926 965 2019 993 non

472 1008 620 1046 saltem
637 1008 848 1046 Lucidam
864 1008 986 1046 illam
1005 1013 1051 1047 V
1070 1007 1261 1051 Stellam,
1278 1006 1349 1045 sed
1365 1006 1404 1044 &
1419 1007 1612 1054 reliquas
1628 1018 1795 1052 omnes,
1812 1018 1923 1055 quas
1938 1019 2018 1056 pro

367 1060 654 1098 fundamento
680 1061 1040 1099 restituendarum
1065 1061 1337 1108 reliquarum
1362 1060 1639 1103 assumfimus,
1670 1062 1793 1099 omni
1818 1072 1872 1099 ex
1896 1067 2018 1109 parte

367 1113 478 1152 recte
500 1125 751 1162 congruere,
775 1125 854 1152 nec
876 1114 1066 1152 aliorum
1087 1113 1493 1152 animaduersiones
1514 1113 1666 1151 nostris
1686 1115 1914 1162 quippiam
1934 1113 2018 1153 hac
2059 1126 2090 1152 1⁵

366 1169 411 1204 in
432 1174 552 1214 parte
575 1167 796 1215 derogare,
818 1167 936 1205 lubet
957 1179 1075 1205 nunc
1096 1179 1185 1214 qua
1204 1169 1374 1205 ratione
1397 1178 1450 1205 ex
1470 1167 1539 1205 his
1561 1172 1740 1206 caeteras
1758 1169 1805 1205 in
1822 1167 2019 1206 debitum

366 1220 512 1258 locum
528 1220 766 1258 secundum
783 1221 986 1268 Longum
1002 1227 1133 1268 atque
1151 1221 1309 1258 Latum
1328 1220 1676 1268 disposuerimus,
1697 1220 1888 1259 breuiter
1907 1221 2017 1259 indi-

366 1285 476 1311 care.
500 1274 634 1320 quue
656 1274 906 1321 arripiendo
927 1276 973 1311 in
993 1273 1168 1322 lingulis
1189 1274 1368 1312 Zodiaci
1390 1273 1769 1322 Dodecatemorijs
1784 1285 1921 1312 vnam
1940 1274 2017 1313 ali—

366 1338 511 1373 quam,
530 1338 630 1374 quae
642 1327 820 1374 reliquis
833 1327 1047 1374 Exemplo
1060 1329 1150 1371 erit,
1163 1333 1207 1365 vt
1217 1326 1468 1371 innotescat,
1482 1338 1571 1374 qua
1581 1329 1751 1365 ratione
1763 1333 2017 1376 quantaque

365 1380 587 1427 diligentia
603 1379 854 1418 Affixarum
870 1380 1105 1418 Stellarum
1121 1380 1218 1418 loca
1233 1380 1452 1418 viceversa
1469 1380 1918 1428 comprobauerimus.
1935 1377 1951 1431 ΙΙ
2055 1392 2089 1418 20

419 1433 565 1471 Habet
577 1440 725 1471 autem
737 1433 832 1471 haec
844 1432 1165 1472 rectificationis
1178 1433 1432 1478 Methodus,
1450 1445 1585 1481 quam
1599 1434 1733 1472 modo
1745 1433 2016 1483 subiungam,
2041 1439 2106 1472 224

365 1488 410 1523 in
422 1488 473 1534 ijs
485 1487 743 1533 potissimum
754 1486 895 1525 Stellis
907 1487 1066 1531 locum,
1081 1498 1181 1535 quae
1193 1489 1307 1525 circa
1316 1486 1607 1535 AEquatorem
1619 1493 1750 1535 atque
1761 1487 2016 1532 Zodiacum,

365 1539 419 1576 ad
441 1539 636 1577 medium
653 1539 770 1578 Coeli
791 1540 1005 1578 ambitum
1027 1543 1318 1585 continentur,
1340 1540 1378 1578 &
1399 1540 1592 1579 eundem
1612 1540 1733 1588 quafi
1753 1539 1933 1579 ductum
1952 1552 2016 1579 re-

364 1591 506 1639 spectu
522 1592 776 1640 AEquatoris
798 1593 1016 1637 exhibent,
1038 1596 1098 1632 ita
1118 1599 1161 1631 vt
1181 1606 1273 1632 non
1294 1596 1340 1632 in
1360 1592 1572 1632 directum
1591 1593 1739 1632 versus
1759 1594 1889 1632 Polos
1909 1596 2017 1639 eius,

363 1645 432 1683 sed
454 1648 597 1693 potius
614 1648 659 1683 in
677 1647 906 1694 obliquum
923 1646 1043 1694 quafi
1059 1647 1292 1695 AEquatori
1308 1647 1549 1691 Parallelae,
1572 1654 1648 1686 aut
1668 1649 1834 1686 circiter
1855 1647 2017 1696 (neque
2054 1659 2089 1685 25

365 1701 482 1736 enim
498 1699 637 1742 refert,
655 1699 684 1736 fi
701 1700 928 1747 aliquanto
945 1700 1283 1739 diuerfimodam
1296 1700 1530 1739 habuerint
1542 1701 1596 1739 ab
1608 1700 1851 1748 AEquatore
1863 1700 2017 1740 distan-

364 1754 481 1795 tiam,
504 1759 577 1790 aut
598 1753 760 1790 etiamsi
777 1755 802 1790 a
819 1753 997 1791 diuerfis
1013 1754 1220 1801 partibus,
1243 1754 1391 1802 quoad
1412 1753 1551 1802 ipsum
1573 1754 1858 1801 collocentur)
1879 1754 2017 1803 dispo-

365 1812 544 1843 nuntur:
567 1806 616 1843 In
633 1806 811 1853 reliquis
828 1806 982 1850 Stellis,
1005 1819 1105 1854 quae
1122 1807 1237 1845 Polis
1253 1809 1486 1845 viciniores
1507 1807 1615 1850 sunt,
1637 1808 1772 1846 aliam
1791 1808 2017 1855 quandam

365 1870 551 1905 eamque
569 1859 862 1906 operosiorem
874 1860 1185 1899 verificationis
1196 1861 1358 1899 Praxin
1370 1860 1667 1905 adhibuimus,
1684 1873 1761 1909 per
1772 1861 2017 1900 distantiam

364 1912 562 1949 videlicet
578 1915 706 1950 vnius
724 1915 883 1961 ignotae
900 1914 955 1952 ad
974 1914 1084 1952 duas
1101 1914 1170 1952 vel
1190 1921 1275 1952 tres
1297 1914 1419 1957 alias,
1441 1917 1531 1952 iam
1551 1921 1682 1953 antea
1703 1916 1909 1963 cognitas,
1925 1914 2018 1953 Tri·
2055 1925 2090 1952 ³0

364 1965 630 2012 angulariter
659 1978 752 2003 rem
782 1967 1067 2014 expediendo.
1100 1967 1492 2014 Quemadmodum
1522 1969 1568 2005 in
1598 1967 1837 2015 Cassiopeae
1862 1967 2017 2012 Stellis,

365 2029 473 2064 quas
491 2018 572 2056 hac
590 2021 770 2061 ratione.
788 2031 949 2068 magna
964 2032 1017 2058 ex
1032 2026 1165 2068 parte,
1183 2023 1229 2059 in
1241 2021 1435 2059 debitum
1447 2021 1595 2059 locum
1607 2021 1766 2060 restitui
1779 2020 2017 2065 effecimus,

365 2077 492 2117 prout
508 2071 783 2118 postmodum
801 2074 973 2120 patebit.

418 2124 582 2162 Modus
599 2131 758 2167 autem.
777 2138 866 2173 quo
879 2126 1033 2164 Stellas
1050 2139 1126 2174 per
1138 2128 1334 2166 medium
1347 2127 1463 2166 Coeli
1477 2128 1691 2166 ambitum
1704 2127 1920 2166 hincinde
1932 2128 2017 2166 col-

365 2177 541 2218 locatas,
559 2180 603 2215 in
621 2177 822 2216 exactum
840 2179 876 2216 &
895 2180 969 2227 ipsi
987 2180 1117 2218 Coelo
1134 2181 1375 2219 consonum
1393 2181 1517 2219 [itum
1534 2182 1787 2229 redegerim,
1804 2181 1857 2220 fic
1873 2180 2017 2220 habet.
2055 2191 2090 2218 35

419 2230 662 2268 Obseruaui
686 2232 875 2270 cuiusuis
896 2235 1055 2280 ignotae
1073 2233 1218 2272 Stellae
1236 2246 1261 2272 3
1278 2234 1450 2273 duabus
1471 2235 1569 2282 alijs
1590 2234 1692 2273 hinc
1713 2235 1814 2273 inde
1835 2235 1890 2273 ab
1906 2240 2018 2273 vtra-

365 2295 449 2329 que
472 2291 592 2329 parte
615 2284 770 2331 positis.
793 2288 969 2333 iamque
991 2288 1121 2324 antea
1143 2287 1387 2330 verificatis.
1409 2288 1535 2326 binas
1556 2287 1788 2330 distantias,
1809 2299 1897 2327 vna
1917 2299 2018 2326 cum

364 2336 555 2373 eiusdem
581 2337 900 2380 Declinatione.
928 2351 949 2376 e
977 2340 1135 2386 quibus
1161 2341 1348 2379 assumtis
1372 2341 1606 2379 Stellarum
1630 2347 1836 2380 notarum
1858 2341 2017 2380 Ascen-

366 2388 555 2426 sionibus
565 2389 701 2427 Rec'tis
712 2398 841 2438 atque
851 2392 1232 2431 Declinationibus
1242 2396 1362 2440 prius
1373 2394 2017 2443 conquifitis.huiusincognitae

365 2442 670 2480 Ascensionem
682 2443 792 2482 Redi.
806 2445 860 2482 ab
872 2452 1053 2492 Vtraque
1066 2446 1304 2484 secundum
1317 2450 1674 2486 ratiocinationes
1685 2448 1882 2496 superius
1893 2459 2017 2486 mon·
2055 2459 2089 2485 ⁴0

364 2494 509 2532 stratas
520 2496 735 2542 inquisiui.
747 2497 887 2544 ficque
898 2499 1022 2536 binas
1034 2498 1186 2537 nactus
1195 2501 1368 2538 vnius&
1378 2501 1569 2539 eiusdem
1581 2501 1726 2540 Stellae
1734 2501 2018 2540 Arcenfiones

1863 2553 2015 2593 Rectas

2180 0 2200 18 -ε

2231 0 2243 199 u...-
