2248 3298
92 367 112 398 †

443 250 1102 290 PROGYMNASMATUM
1124 253 1328 291 PRIMA
1351 254 1501 293 PARS
1749 256 1799 295 39

148 359 270 396 omni
281 357 412 395 laude
424 357 661 405 dignissimi‚
678 357 1014 404 depraehensum
1026 359 1093 402 est,
1110 365 1153 396 vt
1165 360 1220 397 ad
1232 371 1302 397 me
1315 360 1548 408 perscripsit
1561 364 1655 399 eius
1669 362 1798 400 Celfi-

74 419 115 450 47
147 410 235 449 tud.
247 407 262 461 ΙΙ
274 410 631 455 Mathematicus,
649 410 989 458 Christophorus
1002 412 1309 450 Rothmannus
1326 413 1486 451 harum
1498 416 1673 453 Artium
1689 418 1798 463 peri-

94 582 110 607 5

78 847 109 874 10

78 1115 108 1140 15

71 1649 105 1675 25

67 1754 109 1787 48

71 2184 104 2210 35

71 2450 104 2476 40

147 465 334 507 tissimus‚
344 463 635 502 Altitudinem
645 463 758 502 Solis
767 466 1011 502 maximam
1021 465 1320 504 Meridianam
1331 467 1510 505 Casellis
1523 469 1598 506 esse
1609 469 1651 506 Ρ.
1660 469 1722 506 62.
1733 468 1744 516 s
1751 500 1757 507 .
1767 470 1798 507 11

147 515 311 556 exacte:
328 519 563 555 minimam
578 528 684 555 vero
698 517 808 555 P.15.
823 516 848 565 l.
862 518 915 555 14.
934 518 978 556 Si
994 520 1121 566 igitur
1136 519 1366 566 vtrobique
1383 520 1643 559 adhibeatur
1655 522 1799 561 Paral-

146 571 269 615 laxis,
287 572 365 609 erit
381 582 487 609 vera
497 570 672 618 Tropici
684 570 837 608 AEstiui
849 571 1047 609 Altitudo
1064 572 1317 610 Meridiana
1333 573 1376 611 P.
1389 573 1451 611 62.
1467 572 1478 620 l
1485 605 1491 611 .
1506 574 1546 611 12
1554 577 1580 613 ,¹‚.
1599 575 1799 623 Hyberni

145 624 188 662 P.
200 625 254 663 15.
269 622 294 672 Ι.
307 624 361 669 17,
379 624 605 662 inclinatio
617 630 767 662 autem
778 623 1035 671 AEquatoris
1047 625 1209 662 ibidem
1222 637 1243 662 e
1257 627 1647 674 circumpolaribus
1659 628 1800 667 Stellis

145 678 385 716 adinuenta
401 677 457 715 est
472 677 515 715 P.
533 678 596 716 38.
615 676 640 725 l.
657 678 711 715 41.
730 677 1011 725 Quapropter
1028 680 1106 716 erit
1123 678 1358 725 obliquitas
1373 680 1591 727 Eclipticae
1609 681 1799 729 respectu

145 730 313 779 Solstitij
336 730 502 775 AEstiui‚
526 730 569 769 P.
586 730 649 769 23.
673 729 698 779 l.
720 731 797 775 313,
821 731 919 769 satis
943 743 1044 769 cum
1067 731 1210 770 nostra
1232 734 1490 771 inuentione
1514 734 1797 779 consentiens,

144 784 240 823 haec
262 784 429 823 sublata
451 784 507 823 ab
530 784 790 822 Eleuatione
811 784 1080 832 AEquatoris,
1105 785 1311 832 relinquit
1333 797 1485 824 veram
1509 787 1798 826 Altitudinem

145 837 257 877 Solis
277 838 546 882 Brumalem,
568 838 610 876 P.
628 838 682 876 15.
706 836 731 885 l.
753 838 812 882 93,
835 849 935 885 quae
957 837 1100 876 deficit
1121 850 1148 876 a
1167 841 1302 886 priori
1323 851 1399 886 per
1421 839 1797 885 Obseruationem,

145 890 341 930 adhibita
355 891 588 936 Parallaxi,
611 890 636 939 l.
654 891 713 936 73,
734 897 866 939 atque
887 897 1008 930 tanta
1026 891 1082 929 est
1098 891 1184 929 illic
1202 891 1416 930 Refrac‘tio
1433 893 1546 931 Solis
1563 896 1675 932 circa
1692 895 1797 932 Bru-

144 945 260 983 male
280 944 516 983 Solstitium
535 947 582 983 in
603 947 751 983 citima
771 944 1031 983 decliuitate.
1055 945 1222 983 Verum
1243 948 1348 992 quia
1370 946 1614 995 Noriberga
1635 947 1690 985 est
1710 947 1797 986 fere

144 998 169 1036 2
183 998 300 1047 grad.
317 998 649 1037 meridionalior
665 998 763 1046 ipsis
775 997 969 1042 Carenis,
987 999 1102 1036 vnde
1119 1000 1251 1036 etiam
1262 1005 1383 1037 tanto
1397 999 1693 1038 Eleuatiorem
1705 1002 1796 1039 red-

144 1051 205 1090 dit
224 1051 372 1090 Solem
394 1054 441 1090 in
461 1051 646 1091 Solstitio
667 1052 896 1100 Hyberno‚
921 1051 959 1089 &
981 1063 1058 1100 per
1081 1052 1352 1099 consequens
1374 1053 1509 1100 paulo
1532 1056 1693 1092 minori
1717 1055 1793 1092 Re-

143 1104 343 1144 fradtioni
363 1105 624 1149 obnoxium;
646 1105 806 1143 idcirco
827 1104 976 1144 relic‘ta
995 1105 1071 1143 illa
1090 1108 1216 1144 tertia
1236 1106 1489 1144 adhaerente
1508 1107 1642 1155 scrup.
1660 1114 1793 1155 parte,

144 1157 465 1197 Refrac'tionem
484 1158 743 1207 Noribergae
763 1161 810 1196 in
830 1159 997 1197 Bruma
1019 1158 1115 1196 fieri
1135 1161 1289 1197 minut.
1311 1160 1486 1207 praecise
1507 1161 1543 1204 7,
1568 1161 1793 1199 constitua-

143 1223 254 1257 mus,
275 1212 395 1260 quod
415 1224 442 1251 a
461 1224 567 1251 vero
587 1212 836 1250 sensibiliter
857 1211 1031 1250 differre
1052 1214 1214 1260 nequit.
1237 1213 1326 1250 Erit
1347 1215 1494 1260 itaque
1516 1213 1667 1252 exacta
1687 1215 1793 1252 Alti-

142 1265 248 1304 tudo
271 1265 384 1305 Solis
406 1267 593 1304 minima
614 1265 714 1310 illic,
737 1264 960 1304 subtractis
983 1265 1052 1303 his
1075 1266 1099 1304 7
1122 1268 1314 1309 minutis,
1339 1266 1381 1304 P.
1404 1267 1457 1305 17.
1481 1265 1505 1314 l.
1528 1268 1563 1305 3.
1589 1267 1793 1315 Cumque

142 1318 344 1367 suprema
361 1319 421 1367 (vt
431 1325 564 1358 antea
574 1319 682 1366 dixi)
698 1319 745 1357 fit
758 1319 800 1357 P.
814 1319 876 1357 64.
891 1318 917 1367 l.
930 1320 966 1364 5,
983 1321 1188 1367 prouenit
1199 1319 1489 1367 Tropicorum
1501 1322 1793 1369 intercapedo.

142 1372 186 1411 P.
201 1373 265 1412 47.
283 1371 309 1421 l.
325 1373 363 1417 2,
379 1373 568 1421 ideoque
584 1375 781 1411 maxima
797 1373 1048 1411 Declinatio
1065 1373 1107 1410 P.
1125 1373 1187 1411 23.
1207 1372 1232 1421 l.
1249 1373 1303 1417 31,
1320 1373 1470 1411 saltem
1486 1374 1666 1412 dimidio
1683 1374 1793 1412 scru—

142 1426 247 1474 pulo
262 1428 409 1465 minor
425 1438 561 1474 quam
576 1438 695 1465 nunc
711 1428 949 1464 inuenitur.
973 1426 1332 1464 Consentaneum
1350 1429 1468 1464 enim
1484 1428 1654 1465 videtur
1670 1429 1723 1466 ab
1742 1439 1793 1466 eo

141 1485 338 1528 tempore
360 1480 687 1528 aliquantulum
711 1480 884 1518 creuisse
906 1480 1222 1527 Obliquitatem
1244 1480 1475 1528 Eclipticae,
1500 1493 1552 1518 eo
1576 1481 1693 1528 quod
1718 1481 1793 1519 Ec-

142 1535 386 1572 centricitas
412 1536 455 1579 Θ
482 1536 615 1572 etiam
637 1536 805 1572 interea
828 1533 1033 1572 nonnihil
1056 1532 1243 1572 adaucta
1266 1533 1323 1577 fit,
1350 1545 1429 1572 nec
1457 1534 1516 1580 (vt
1541 1534 1692 1572 frustra
1715 1534 1793 1573 fert

142 1586 428 1635 Coperniana
447 1587 742 1634 ratiocinatio)
765 1589 1004 1631 minuatur,
1029 1599 1109 1625 ceu
1132 1599 1185 1625 ex
1208 1589 1272 1635 ijs,
1297 1599 1397 1634 quae
1420 1599 1525 1625 mox
1547 1587 1792 1635 sequentur,

141 1640 314 1688 patebit.
333 1640 560 1680 Subtrad‘ta
575 1652 681 1679 vero
697 1640 781 1679 hac
798 1641 1107 1679 Declinatione
1123 1643 1320 1678 maxima
1336 1640 1391 1678 ab
1407 1641 1650 1679 Altitudine
1667 1644 1792 1679 meri-

141 1693 275 1733 diana
290 1694 460 1743 Solstitij
484 1694 621 1733 aestiui
640 1706 758 1738 vera,
779 1694 850 1732 vel
870 1694 1019 1732 addita
1039 1694 1094 1732 ad
1116 1694 1383 1732 confimilem
1399 1694 1574 1742 Tropici
1595 1694 1792 1742 hyberni,

142 1758 195 1786 eo
206 1759 295 1796 quo
307 1748 498 1786 diximus
511 1745 525 1799 ΙΙ
536 1748 671 1786 modo
683 1746 935 1792 correctam‚
947 1748 1135 1795 prodibit
1146 1750 1290 1785 verior
1301 1747 1527 1785 inclinatio
1539 1747 1793 1795 AEquatoris

142 1801 400 1850 Noribergae
416 1801 459 1840 P.
476 1802 539 1840 40.
558 1800 583 1850 l.
600 1802 669 1846 34;
691 1802 883 1849 Ideoque
901 1801 1102 1840 Eleuatio
1118 1801 1211 1838 Poli
1228 1801 1271 1838 P.
1288 1801 1351 1839 49.
1370 1799 1394 1848 l.
1413 1801 1474 1839 26.
1498 1801 1630 1847 Quod
1651 1804 1791 1849 inqui-

141 1866 235 1893 rere
250 1855 326 1893 tali
342 1857 573 1894 ratiocinio
589 1857 937 1903 operaeprecium
954 1861 1057 1893 erat.

195 1908 327 1947 Hanc
338 1920 443 1947 vero
454 1909 763 1947 sublimitatem
774 1908 977 1947 Polarem
989 1908 1170 1947 Ciuitati
1182 1908 1489 1956 Noribergensi
1505 1908 1602 1946 satis
1618 1908 1792 1955 praecise

141 1973 394 2010 congruere,
410 1962 622 2010 fiquidem
634 1962 991 2000 Declinationem
1006 1962 1225 2009 Eclipticae
1241 1961 1353 1999 adeo
1370 1967 1689 2009 competentem
1706 1974 1793 2000 vna

141 2021 325 2064 promat,
347 2016 458 2054 nihil
473 2016 697 2055 addubito.
722 2016 772 2054 Et
788 2016 886 2054 licet
903 2016 1103 2053 nondum
1119 2027 1195 2063 per
1211 2017 1388 2062 propria
1404 2015 1690 2052 Instrumenta
1707 2015 1792 2052 illic

141 2074 184 2107 vt
206 2069 491 2118 Fruenburgi,
518 2072 612 2108 eius
637 2072 699 2108 rei
725 2069 971 2117 periculum
996 2068 1091 2106 fieri
1117 2071 1382 2106 curauerim:
1410 2080 1462 2106 eo
1484 2069 1601 2115 quod
1622 2071 1792 2106 maiora

142 2121 322 2171 Organa
346 2122 577 2161 difficulter
602 2134 682 2161 nec
708 2123 806 2161 satis
831 2129 924 2161 tuto
950 2122 1148 2160 curribus
1173 2122 1403 2164 vehantur,
1435 2121 1618 2169 idipsum
1644 2128 1791 2159 tamen

142 2175 332 2223 (volente
349 2176 491 2223 DEO)
507 2177 632 2215 breui
649 2179 837 2224 experiri
853 2176 1062 2219 constitui,
1079 2182 1171 2213 vtut
1187 2187 1278 2213 non
1295 2175 1492 2213 diffidam
1509 2175 1635 2217 hanc.
1658 2187 1791 2222 quam

141 2229 420 2274 assumfimus‚
441 2232 515 2268 vix
536 2236 693 2278 quarta
712 2232 871 2268 minuti
892 2236 1013 2277 parte
1035 2241 1061 2267 a
1081 2241 1186 2267 vera
1207 2231 1266 2266 cis
1285 2229 1354 2267 vel
1370 2229 1480 2266 vltra
1502 2229 1791 2271 deuiaturam‚

141 2283 518 2330 quemadmodum
548 2283 820 2331 Fruenburgi
845 2283 1015 2321 Prussiae
1047 2289 1209 2321 certam
1234 2282 1523 2320 Altitudinem
1554 2288 1791 2329 antequam

141 2347 241 2375 eam
257 2336 318 2384 (vt
333 2342 464 2375 antea
480 2336 643 2375 dicium
660 2337 732 2384 est)
752 2337 1026 2384 exploratam
1042 2336 1265 2377 haberem,
1287 2338 1400 2373 intra
1417 2342 1619 2383 quartam
1636 2337 1791 2372 minuti

140 2395 309 2437 partem
324 2389 436 2429 reete
453 2390 720 2429 coniectatus
736 2390 842 2433 sum,
865 2389 1029 2428 etiamsi
1045 2396 1135 2428 tam
1152 2389 1311 2427 crebris
1328 2389 1366 2426 &
1382 2389 1539 2431 solidis,
1557 2396 1598 2426 vt
1616 2389 1698 2430 hic.
1718 2389 1790 2426 do-

140 2446 354 2482 cumentis
370 2455 462 2482 non
477 2444 636 2482 fuerim
652 2442 890 2482 instructus.
910 2444 1003 2481 Nec
1020 2455 1101 2481 nos
1117 2450 1314 2480 moratur
1326 2443 1444 2490 quod
1457 2444 1610 2490 egregij
1625 2442 1791 2488 aliquot

140 2496 526 2546 Noribergenfium
545 2497 796 2536 Astronomi
818 2497 1061 2535 Altitudine
1083 2497 1175 2534 Poli
1196 2496 1483 2544 vtplurimum
1504 2495 1561 2532 vsi
1585 2495 1661 2532 sint
1685 2502 1789 2542 part.

139 2549 202 2589 49.
215 2552 368 2589 minut.
381 2550 449 2595 24;
466 2551 512 2589 hi
527 2553 646 2589 enim
658 2563 681 2589 e
694 2551 794 2590 Sole
807 2562 906 2588 eam
918 2551 1181 2591 deriuantes,
1199 2561 1342 2596 neque
1355 2549 1790 2639 Parallaqxeosgeque

1545 2613 1566 2638 e
1587 2613 1634 2639 ra
1679 2612 1790 2638 ionis
