2243 3225
369 204 446 242 378
742 195 1194 236 ASTRONOMIAE
1216 191 1637 232 INSTAURATAE

367 308 518 349 santes,
539 311 708 343 motum
729 303 951 350 quendam
971 303 1198 349 proprium
1218 299 1385 346 semper
1405 298 1594 336 habuisse
1616 297 1886 345 depraehenfi
1900 296 2009 341 sunt,

368 371 509 406 neque
526 358 601 396 diu
616 360 661 394 in
677 367 765 394 vno
782 355 932 402 aliquo
952 355 1049 392 loco
1069 353 1298 395 constitisse,
1320 363 1372 389 eo
1393 351 1512 399 quod
1532 350 1579 388 hi
1598 352 1713 389 intra
1728 350 2010 389 Planetarum

367 414 551 450 tentoria
571 410 781 451 collocati,
803 408 980 446 illorum
1002 409 1134 445 etiam
1149 411 1295 444 motus
1310 405 1386 442 suo
1403 404 1599 452 quodam
1613 404 1748 442 modo
1765 406 1925 442 imitari
1941 415 2009 442 co-

367 472 536 508 nentur,
562 462 780 501 interdum
803 461 980 505 tardius,
1003 460 1330 506 nonnunquam
1352 469 1458 495 vero
1481 457 1677 502 celerius,
1701 463 1830 505 prout
1852 459 2010 505 cuique

366 518 639 565 peculiariter
664 515 800 553 indita
824 514 1034 552 mouendi
1059 515 1135 556 vis,
1167 509 1181 562 ΙΙ
1209 522 1475 559 quacunque
1500 511 1679 549 tandem
1704 511 1756 549 de
1782 510 1911 549 causa
1935 510 2011 549 illa
2034 518 2098 551 406

366 571 608 619 proueniat,
625 568 713 606 fiue
730 573 921 610 externa,
938 566 1025 604 flue
1042 568 1260 609 interiore,
1279 566 1419 612 exigit.

420 623 550 670 Quod
567 624 698 660 etiam
715 620 846 659 Stella
863 620 997 658 Noua
1017 626 1108 657 tam
1125 617 1273 657 exacte
1288 619 1429 656 motui
1445 616 1680 655 vniuerl'ali
1696 616 2010 661 obsecundant,

366 677 477 715 adeo
493 682 536 714 vt
552 673 842 723 perfeclissime
858 673 984 711 illum
1000 672 1253 720 expresserit,
1270 670 1469 718 nihilque
1486 676 1562 709 aut
1578 672 1839 715 contraierit,
1856 675 1933 709 aut
1947 682 2010 709 re-

365 729 535 774 miserit,
557 731 615 766 vti
635 731 680 765 in
700 727 888 766 Planetis
908 732 1039 773 atque
1062 725 1269 769 Cometis‚
1295 724 1373 762 nifi
1398 735 1499 762 cum
1523 723 1758 772 stationarij
1785 729 2010 771 apparent,

366 783 575 825 vsuuenit,
600 793 699 819 eam
721 780 831 818 vltra
853 779 935 817 hos
958 790 1112 817 omnes
1135 778 1267 825 vsque
1290 777 1345 816 ad
1366 778 1474 816 Fixa
1494 777 1647 816 Sidera
1669 779 1802 816 etiam
1822 777 2011 816 Reuolu·
2052 791 2082 817 10

365 839 529 874 tionem
545 834 848 882 quotidianam
864 839 953 871 tam
969 832 1150 870 firmiter
1161 837 1292 879 atque
1304 830 1498 879 religiose
1511 830 1800 875 obseruantia,
1817 830 2010 869 exaltan-

367 890 468 928 dam
485 889 560 926 esse
577 889 748 926 euincit.
766 886 857 924 Nifi
872 885 981 924 forte
997 890 1168 923 motum
1184 885 1310 922 illum
1325 883 1617 923 vniuersalem
1632 886 1678 922 in
1693 883 1830 922 Terra
1844 883 1952 929 fieri,
1968 890 2012 923 vt

368 942 614 990 Copernico
624 941 661 979 8(
671 939 1139 988 quibusdamVeterum
1149 938 1323 986 placuit,
1334 937 1724 981 assentirivelimus;
1735 937 1854 985 quod
1862 942 2012 976 tamen

367 999 412 1033 in
434 997 496 1033 rei
515 995 704 1032 Veritate
728 1004 1012 1040 nequaquam
1035 991 1379 1035 concedendum,
1403 991 1507 1029 alibi
1529 990 1713 1029 vbertim
1735 990 2012 1029 manifestum

365 1049 607 1087 reddemus.
632 1047 753 1093 Quin
774 1046 811 1084 8(
832 1046 885 1084 fic
906 1045 1035 1084 causa
1056 1045 1279 1083 reddenda
1298 1046 1478 1088 veniret,
1503 1056 1579 1082 cur
1599 1044 1733 1083 Stella
1755 1044 1852 1082 haec
1871 1046 2011 1082 motui
2051 1059 2081 1084 15

365 1103 521 1140 diurno
543 1103 674 1139 etiam
694 1100 723 1137 fi
743 1102 789 1137 in
809 1099 945 1137 Terra
965 1101 1001 1137 is
1021 1098 1155 1143 fieret,
1177 1098 1289 1137 adeo
1310 1097 1501 1146 appofite
1522 1098 1843 1146 obtemperarit,
1865 1108 2010 1146 neque

364 1155 488 1193 illum
504 1156 680 1202 propria
696 1153 944 1201 digressione
961 1152 1240 1200 aliquatenus
1256 1151 1563 1190 interturbarit.

417 1209 578 1246 Aerem
595 1207 773 1254 quidem
788 1206 1040 1254 supremum
1056 1205 1171 1243 infra
1186 1205 1326 1243 Lunae
1344 1205 1484 1243 Orbes
1503 1207 1737 1243 immotum
1753 1205 1830 1242 esse
1847 1204 2011 1253 Coper-

2048 1263 2068 1294 ,ι-

364 1263 488 1299 nicus
499 1261 602 1305 vult,
620 1260 658 1298 8(
674 1260 799 1298 illum
814 1259 964 1298 saltem
976 1261 1051 1306 qui
1062 1258 1211 1297 Terrae
1227 1260 1502 1306 propinquus
1518 1260 1730 1302 imminet,
1746 1258 1835 1296 vna
1846 1269 1948 1296 curn
1959 1269 2012 1296 ea

363 1326 439 1362 per
462 1315 847 1352 concomitantiam
870 1314 1016 1357 rotari,
1039 1313 1227 1359 ideoque
1249 1312 1458 1350 Cometas
1479 1314 1525 1350 in
1545 1312 1661 1350 Aere
1681 1311 1758 1350 illo
1777 1311 2010 1359 superiore,
2048 1325 2082 1351 20

364 1374 406 1405 vt
431 1367 516 1415 ipse
542 1379 718 1415 quoque
741 1367 1127 1414 Peripateticorum
1151 1366 1383 1404 traditione
1408 1364 1606 1404 seductus
1629 1364 1900 1410 existimauit,
1925 1364 2012 1403 illic

364 1427 520 1469 praeter
541 1426 711 1459 motum
733 1422 961 1467 proprium
984 1419 1034 1457 24
1058 1430 1236 1467 quoque
1257 1419 1395 1457 Horis
1416 1421 1599 1457 circuitu
1619 1419 1779 1457 diurno
1800 1418 2012 1457 conuolui

364 1486 586 1522 apparere.

416 1527 664 1565 Aristoteles
687 1532 834 1565 autem
855 1532 1007 1565 contra
1027 1527 1190 1564 A'erem
1212 1525 1465 1573 supremum
1486 1525 1524 1564 8(
1545 1526 1684 1564 Lunae
1705 1524 1903 1574 Ignisque
1924 1536 1951 1564 a
1970 1524 2011 1563 fe
2047 1530 2068 1562 ·i·

365 1579 492 1619 efficti
512 1580 680 1619 sedibus
702 1582 1036 1624 conterminum,
1058 1580 1286 1627 rapiditate
1305 1579 1592 1627 Sphaerarum
1609 1578 1863 1618 Coelestium
1883 1578 2012 1626 (quas
2048 1593 2081 1619 25

364 1634 435 1672 ille
452 1634 590 1672 reales
603 1634 732 1672 Coelo
748 1633 854 1672 falso
870 1633 1078 1679 attribuit)
1096 1635 1331 1680 circumagi
1347 1632 1499 1671 statuit.
1517 1633 1607 1681 Ego
1619 1639 1826 1671 neutrum
1837 1631 2010 1677 horum,

365 1687 617 1725 omnimode
634 1685 746 1725 redte
762 1687 802 1725 se
819 1686 981 1725 habere
995 1688 1121 1724 certis
1133 1687 1185 1724 de
1198 1686 1347 1729 caufis,
1364 1686 1633 1725 crediderim.
1651 1686 1735 1725 Sed
1746 1685 1792 1724 fit
1803 1685 2011 1734 quicquid

365 1741 477 1784 velit,
498 1746 731 1779 moueatur
751 1740 945 1788 superior
961 1740 1051 1778 Aer
1071 1739 1158 1778 fiue
1179 1751 1283 1783 non,
1305 1739 1485 1778 Stellam
1505 1739 1621 1778 hanc
1641 1739 1671 1777 fi
1691 1739 1767 1778 illa
1786 1739 1845 1778 ibi
1865 1738 2010 1784 sufflet,

364 1801 452 1832 tam
465 1794 735 1832 vniformiter
751 1794 894 1832 secum
911 1805 1076 1841 rapere,
1093 1799 1137 1831 vt
1152 1792 1263 1831 nihil
1279 1793 1332 1831 de
1348 1799 1472 1832 motu
1487 1795 1630 1841 primo
1646 1795 1880 1832 remitteret
1890 1792 1961 1831 vel
1971 1794 2011 1831 ei

366 1848 553 1891 adderet,
570 1859 854 1895 nequaquam
865 1849 1018 1894 potuit,
1035 1846 1272 1894 praesertim
1283 1847 1452 1885 tamdiu
1464 1847 1575 1885 vltra
1586 1849 1740 1895 integri
1752 1847 1874 1884 Anni
1885 1846 2012 1885 dura·
2049 1859 2082 1886 ³0

366 1903 542 1939 tionem.
565 1901 721 1948 Neque
742 1903 787 1938 in
808 1903 992 1939 immoto
1013 1900 1099 1938 illic
1119 1901 1234 1938 Aere
1256 1897 1270 1950 ΙΙ
1292 1900 1528 1938 Meteoron
1548 1900 1728 1948 aliquod
1749 1899 1929 1939 Stellam
1949 1911 2012 1938 re·
2036 1907 2098 1940 407

366 1954 642 2001 praesentans,
664 1955 775 1992 adeo
795 1954 975 1992 firmiter
995 1960 1116 1992 tanto
1137 1954 1355 2001 Tempore
1377 1954 1599 1992 consistere
1620 1955 1771 2002 potuit,
1793 1958 1939 2001 vtpote
1959 1953 2012 1992 de

365 2009 548 2045 materia
564 2010 691 2055 ignea
706 2007 962 2045 inconstanti
979 2007 1017 2045 8(
1033 2019 1156 2055 vaga,
1178 2009 1224 2044 in
1241 2007 1470 2045 Elemento
1487 2010 1619 2046 etiam
1636 2007 1900 2046 fluxibilitati
1920 2006 2013 2045 sub-

366 2059 487 2103 iec'to,
509 2061 795 2098 constitutum.
818 2060 949 2108 Quod
971 2060 999 2098 fi
1020 2063 1133 2099 intra
1150 2061 1432 2099 Planetarum
1453 2063 1669 2104 circuitus,
1691 2060 1812 2099 illam
1828 2071 2012 2108 repona-

366 2125 476 2157 mus,
498 2126 588 2151 non
609 2114 780 2152 dabitur
801 2116 839 2152 ei
861 2114 983 2152 locus
1004 2116 1189 2161 quietus,
1211 2114 1343 2162 vsque
1364 2115 1419 2152 ad
1440 2115 1614 2152 vltimas
1631 2114 1807 2153 Saturni
1824 2113 2012 2152 Reuolu·
2049 2127 2081 2153 35

366 2169 517 2204 tiones.
535 2167 792 2214 Vbicunque
810 2170 927 2205 enim
949 2174 1150 2214 ponatur,
1167 2167 1316 2205 Terrae
1333 2169 1524 2206 Annuus
1545 2174 1690 2206 motus
1711 2170 1833 2206 iuxta
1849 2167 2012 2215 Coper·

367 2222 526 2262 nicum,
554 2220 673 2258 illam
700 2220 773 2258 sub
797 2233 884 2258 vno
908 2221 1024 2259 Coeli
1050 2221 1146 2259 loco
1172 2223 1402 2259 immotam
1425 2221 1647 2259 confistere
1671 2233 1761 2259 non
1784 2223 2011 2269 permittet.

367 2276 706 2311 commutatione
725 2274 1016 2316 Parallaxeos,
1033 2274 1166 2312 veluti
1188 2274 1225 2312 8(
1246 2277 1291 2312 in
1313 2277 1480 2313 caeteris
1501 2277 1696 2323 quinque
1714 2275 1915 2317 Planetis,
1936 2285 2013 2322 per

368 2326 529 2364 Orbem
549 2327 763 2374 Magnum
781 2327 865 2364 illic
883 2328 1046 2370 oborta,
1065 2339 1163 2365 eam
1180 2330 1226 2365 in
1243 2328 1354 2366 alios
1369 2335 1500 2375 atque
1517 2329 1628 2366 alios
1644 2328 1756 2370 situs,
1773 2339 1852 2376 pro
1863 2327 2011 2366 Terrae

367 2379 467 2416 hinc
485 2380 584 2417 inde
601 2381 861 2427 digressione,
880 2381 1144 2422 dimouente,
1163 2381 1326 2419 etiamsi
1342 2393 1418 2428 per
1435 2381 1474 2419 se
1491 2382 1664 2420 nullum
1678 2383 1906 2429 proprium
1919 2391 2010 2419 mo·
2047 2392 2080 2419 ⁴0

366 2439 457 2469 tum
479 2433 708 2475 sortiretur,
731 2440 771 2470 vt
794 2433 1029 2471 secundum
1051 2434 1165 2471 hanc
1187 2437 1318 2472 etiam
1338 2434 1596 2481 politionem
1613 2436 1839 2473 euidenter
1854 2439 2011 2482 pateat.

366 2485 543 2524 Stellam
561 2486 673 2524 hanc
692 2486 890 2529 nontam,
909 2487 1081 2525 nullum
1095 2489 1138 2525 in
1152 2487 1313 2525 Mundi
1326 2489 1539 2527 diametro
1552 2491 1752 2527 inuenire
1764 2489 1924 2530 locum,
1941 2487 2012 2526 vbi

1920 2547 2011 2579 tuto
