<?xml version="1.0" encoding="UTF-8"?>
<!DOCTYPE html PUBLIC "-//W3C//DTD XHTML 1.0 Transitional//EN"
    "http://www.w3.org/TR/xhtml1/DTD/xhtml1-transitional.dtd">
<html xmlns="http://www.w3.org/1999/xhtml" xml:lang="en" lang="en">
 <head>
  <title>
</title>
<meta http-equiv="Content-Type" content="text/html;charset=utf-8" />
  <meta name='ocr-system' content='tesseract 3.04.00' />
  <meta name='ocr-capabilities' content='ocr_page ocr_carea ocr_par ocr_line ocrx_word'/>
</head>
<body>
  <div class='ocr_page' id='page_1' title='image "./operaomniaedidit02brahuoft/operaomniaedidit02brahuoft_0432.png"; bbox 0 0 2243 3225; ppageno 0'>
   <div class='ocr_carea' id='block_1_1' title="bbox 410 206 1679 257">
    <p class='ocr_par' dir='ltr' id='par_1_1' title="bbox 410 206 1679 257">
     <span class='ocr_line' id='line_1_1' title="bbox 410 206 1679 257; baseline -0.011 0"><span class='ocrx_word' id='word_1_1' title='bbox 410 219 478 257; x_wconf 81' lang='lat'>416</span> <span class='ocrx_word' id='word_1_2' title='bbox 783 208 1236 251; x_wconf 81' lang='lat' dir='ltr'>ASTRONOMIAE</span> <span class='ocrx_word' id='word_1_3' title='bbox 1256 206 1679 246; x_wconf 82' lang='lat' dir='ltr'>INSTAURATAE</span> 
     </span>
    </p>
   </div>
   <div class='ocr_carea' id='block_1_2' title="bbox 407 311 2121 1538">
    <p class='ocr_par' dir='ltr' id='par_1_2' title="bbox 411 311 2053 466">
     <span class='ocr_line' id='line_1_2' title="bbox 463 311 2051 368; baseline -0.006 -9"><span class='ocrx_word' id='word_1_4' title='bbox 463 322 746 368; x_wconf 84' lang='lat' dir='ltr'>Albategnius</span> <span class='ocrx_word' id='word_1_5' title='bbox 758 318 796 356; x_wconf 99' lang='grc'>8(</span> <span class='ocrx_word' id='word_1_6' title='bbox 807 317 1074 365; x_wconf 88' lang='lat' dir='ltr'>Alfraganus</span> <span class='ocrx_word' id='word_1_7' title='bbox 1087 318 1131 354; x_wconf 91' lang='lat' dir='ltr'>in</span> <span class='ocrx_word' id='word_1_8' title='bbox 1143 315 1211 353; x_wconf 91' lang='lat' dir='ltr'>his</span> <span class='ocrx_word' id='word_1_9' title='bbox 1223 314 1462 352; x_wconf 88' lang='lat' dir='ltr'>Ptolemaeo</span> <span class='ocrx_word' id='word_1_10' title='bbox 1476 323 1611 360; x_wconf 89' lang='lat' dir='ltr'>quam</span> <span class='ocrx_word' id='word_1_11' title='bbox 1627 313 1826 360; x_wconf 85' lang='lat' dir='ltr'>proxime</span> <span class='ocrx_word' id='word_1_12' title='bbox 1843 311 2051 350; x_wconf 88' lang='lat' dir='ltr'>consenti-</span> 
     </span>
     <span class='ocr_line' id='line_1_3' title="bbox 411 365 2053 420; baseline -0.006 -7"><span class='ocrx_word' id='word_1_13' title='bbox 411 382 498 414; x_wconf 90' lang='lat' dir='ltr'>unt.</span> <span class='ocrx_word' id='word_1_14' title='bbox 525 375 673 420; x_wconf 86' lang='lat' dir='ltr'>Quare</span> <span class='ocrx_word' id='word_1_15' title='bbox 697 382 850 410; x_wconf 92' lang='lat' dir='ltr'>eorum</span> <span class='ocrx_word' id='word_1_16' title='bbox 874 373 986 408; x_wconf 90' lang='lat' dir='ltr'>circa</span> <span class='ocrx_word' id='word_1_17' title='bbox 1009 369 1104 407; x_wconf 86' lang='lat' dir='ltr'>haec</span> <span class='ocrx_word' id='word_1_18' title='bbox 1126 369 1418 416; x_wconf 87' lang='lat' dir='ltr'>pronunciata</span> <span class='ocrx_word' id='word_1_19' title='bbox 1440 365 1651 413; x_wconf 89' lang='lat' dir='ltr'>replicare</span> <span class='ocrx_word' id='word_1_20' title='bbox 1674 365 2053 413; x_wconf 83' lang='lat' dir='ltr'>superuacaneum</span> 
     </span>
     <span class='ocr_line' id='line_1_4' title="bbox 411 428 613 466; baseline -0.01 0"><span class='ocrx_word' id='word_1_21' title='bbox 411 428 613 466; x_wconf 88' lang='lat' dir='ltr'>existimo.</span> 
     </span>
    </p>

    <p class='ocr_par' dir='ltr' id='par_1_3' title="bbox 409 471 2108 740">
     <span class='ocr_line' id='line_1_5' title="bbox 461 471 2053 523; baseline -0.005 -5"><span class='ocrx_word' id='word_1_22' title='bbox 461 482 517 518; x_wconf 81' lang='lat' dir='ltr'>At</span> <span class='ocrx_word' id='word_1_23' title='bbox 539 476 905 518; x_wconf 87' lang='lat' dir='ltr'>COPERNICVS</span> <span class='ocrx_word' id='word_1_24' title='bbox 930 476 1004 514; x_wconf 82' lang='lat' dir='ltr'>ista</span> <span class='ocrx_word' id='word_1_25' title='bbox 1026 474 1161 523; x_wconf 92' lang='lat' dir='ltr'>paulo</span> <span class='ocrx_word' id='word_1_26' title='bbox 1184 474 1409 512; x_wconf 90' lang='lat' dir='ltr'>limitatius</span> <span class='ocrx_word' id='word_1_27' title='bbox 1431 483 1669 520; x_wconf 83' lang='lat' dir='ltr'>exponenS,</span> <span class='ocrx_word' id='word_1_28' title='bbox 1695 472 1896 511; x_wconf 92' lang='lat' dir='ltr'>SOLEM</span> <span class='ocrx_word' id='word_1_29' title='bbox 1916 471 2053 511; x_wconf 90' lang='lat' dir='ltr'>Terra</span> 
     </span>
     <span class='ocr_line' id='line_1_6' title="bbox 409 525 2104 573; baseline -0.005 -1"><span class='ocrx_word' id='word_1_30' title='bbox 409 536 621 572; x_wconf 93' lang='lat' dir='ltr'>maiorem</span> <span class='ocrx_word' id='word_1_31' title='bbox 637 532 776 570; x_wconf 83' lang='lat' dir='ltr'>statuit</span> <span class='ocrx_word' id='word_1_32' title='bbox 792 530 859 568; x_wconf 81' lang='lat'>162</span> <span class='ocrx_word' id='word_1_33' title='bbox 875 529 980 567; x_wconf 87' lang='lat' dir='ltr'>fere:</span> <span class='ocrx_word' id='word_1_34' title='bbox 1002 528 1066 566; x_wconf 92' lang='lat' dir='ltr'>Ita</span> <span class='ocrx_word' id='word_1_35' title='bbox 1080 533 1124 566; x_wconf 88' lang='lat' dir='ltr'>vt</span> <span class='ocrx_word' id='word_1_36' title='bbox 1139 527 1186 565; x_wconf 86' lang='lat' dir='ltr'>fit</span> <span class='ocrx_word' id='word_1_37' title='bbox 1201 529 1312 565; x_wconf 91' lang='lat' dir='ltr'>ratio</span> <span class='ocrx_word' id='word_1_38' title='bbox 1329 527 1529 565; x_wconf 88' lang='lat' dir='ltr'><strong>diametri</strong></span> <span class='ocrx_word' id='word_1_39' title='bbox 1545 525 1658 564; x_wconf 90' lang='lat' dir='ltr'>Solis</span> <span class='ocrx_word' id='word_1_40' title='bbox 1675 525 1713 563; x_wconf 89' lang='lat'>&amp;</span> <span class='ocrx_word' id='word_1_41' title='bbox 1728 525 1890 569; x_wconf 85' lang='lat' dir='ltr'>Terrae,</span> <span class='ocrx_word' id='word_1_42' title='bbox 1909 525 2064 573; x_wconf 83' lang='lat' dir='ltr'>qualis-</span> <span class='ocrx_word' id='word_1_43' title='bbox 2088 539 2104 564; x_wconf 84' lang='lat'>5</span> 
     </span>
     <span class='ocr_line' id='line_1_7' title="bbox 410 579 2051 628; baseline -0.005 -3"><span class='ocrx_word' id='word_1_44' title='bbox 410 587 463 625; x_wconf 86' lang='lat' dir='ltr'>est</span> <span class='ocrx_word' id='word_1_45' title='bbox 479 588 501 625; x_wconf 90' lang='lat'><strong>5</strong></span> <span class='ocrx_word' id='word_1_46' title='bbox 518 586 560 624; x_wconf 91' lang='lat' dir='ltr'>P.</span> <span class='ocrx_word' id='word_1_47' title='bbox 577 586 627 624; x_wconf 88' lang='lat'>27</span> <span class='ocrx_word' id='word_1_48' title='bbox 644 584 707 623; x_wconf 92' lang='lat' dir='ltr'>M.</span> <span class='ocrx_word' id='word_1_49' title='bbox 724 584 779 622; x_wconf 91' lang='lat' dir='ltr'>ad</span> <span class='ocrx_word' id='word_1_50' title='bbox 795 594 948 621; x_wconf 89' lang='lat' dir='ltr'>vnum:</span> <span class='ocrx_word' id='word_1_51' title='bbox 970 582 1240 628; x_wconf 92' lang='lat' dir='ltr'>Terramque</span> <span class='ocrx_word' id='word_1_52' title='bbox 1257 580 1413 618; x_wconf 90' lang='lat' dir='ltr'>LVNA</span> <span class='ocrx_word' id='word_1_53' title='bbox 1433 581 1650 617; x_wconf 92' lang='lat' dir='ltr'>maiorem</span> <span class='ocrx_word' id='word_1_54' title='bbox 1665 579 1716 617; x_wconf 89' lang='lat'>43</span> <span class='ocrx_word' id='word_1_55' title='bbox 1734 581 1934 627; x_wconf 85' lang='lat' dir='ltr'>proxime</span> <span class='ocrx_word' id='word_1_56' title='bbox 1955 590 2051 617; x_wconf 92' lang='lat' dir='ltr'>cen-</span> 
     </span>
     <span class='ocr_line' id='line_1_8' title="bbox 409 631 2052 687; baseline -0.005 -9"><span class='ocrx_word' id='word_1_57' title='bbox 409 640 502 683; x_wconf 84' lang='lat' dir='ltr'>suit;</span> <span class='ocrx_word' id='word_1_58' title='bbox 519 639 799 687; x_wconf 85' lang='lat' dir='ltr'>proportione</span> <span class='ocrx_word' id='word_1_59' title='bbox 814 637 1128 674; x_wconf 88' lang='lat' dir='ltr'>diametrorum</span> <span class='ocrx_word' id='word_1_60' title='bbox 1144 633 1184 672; x_wconf 88' lang='lat' dir='ltr'>se</span> <span class='ocrx_word' id='word_1_61' title='bbox 1200 633 1389 672; x_wconf 86' lang='lat' dir='ltr'>habente</span> <span class='ocrx_word' id='word_1_62' title='bbox 1401 632 1520 671; x_wconf 92' lang='lat' dir='ltr'>velut</span> <span class='ocrx_word' id='word_1_63' title='bbox 1535 633 1559 671; x_wconf 94' lang='lat'><em>7</em></span> <span class='ocrx_word' id='word_1_64' title='bbox 1575 632 1631 671; x_wconf 92' lang='lat' dir='ltr'>ad</span> <span class='ocrx_word' id='word_1_65' title='bbox 1646 632 1683 670; x_wconf 88' lang='lat'>2.</span> <span class='ocrx_word' id='word_1_66' title='bbox 1701 632 1893 680; x_wconf 90' lang='lat' dir='ltr'>Ideoque</span> <span class='ocrx_word' id='word_1_67' title='bbox 1905 631 2052 671; x_wconf 91' lang='lat' dir='ltr'>Solem</span> 
     </span>
     <span class='ocr_line' id='line_1_9' title="bbox 409 685 2108 740; baseline -0.006 -9"><span class='ocrx_word' id='word_1_68' title='bbox 409 692 678 740; x_wconf 88' lang='lat' dir='ltr'>corpulentia</span> <span class='ocrx_word' id='word_1_69' title='bbox 694 690 769 728; x_wconf 84' lang='lat' dir='ltr'>sua</span> <span class='ocrx_word' id='word_1_70' title='bbox 785 690 958 728; x_wconf 92' lang='lat' dir='ltr'>Lunam</span> <span class='ocrx_word' id='word_1_71' title='bbox 975 688 1184 726; x_wconf 85' lang='lat' dir='ltr'>excedere</span> <span class='ocrx_word' id='word_1_72' title='bbox 1200 686 1336 724; x_wconf 91' lang='lat' dir='ltr'>ferme</span> <span class='ocrx_word' id='word_1_73' title='bbox 1352 686 1457 725; x_wconf 90' lang='lat'>7000</span> <span class='ocrx_word' id='word_1_74' title='bbox 1471 685 1651 724; x_wconf 90' lang='lat' dir='ltr'>vicibus.</span> <span class='ocrx_word' id='word_1_75' title='bbox 2088 694 2108 726; x_wconf 60' lang='grc' dir='ltr'><strong>τ</strong></span> 
     </span>
    </p>

    <p class='ocr_par' dir='ltr' id='par_1_4' title="bbox 407 737 2121 1370">
     <span class='ocr_line' id='line_1_10' title="bbox 462 737 2052 787; baseline -0.005 -3"><span class='ocrx_word' id='word_1_76' title='bbox 462 746 546 784; x_wconf 87' lang='lat' dir='ltr'>His</span> <span class='ocrx_word' id='word_1_77' title='bbox 556 757 660 783; x_wconf 91' lang='lat' dir='ltr'>vero</span> <span class='ocrx_word' id='word_1_78' title='bbox 671 742 921 782; x_wconf 87' lang='lat' dir='ltr'>Artificibus</span> <span class='ocrx_word' id='word_1_79' title='bbox 932 744 978 780; x_wconf 91' lang='lat' dir='ltr'>in</span> <span class='ocrx_word' id='word_1_80' title='bbox 989 740 1292 779; x_wconf 88' lang='lat' dir='ltr'>mensurandis</span> <span class='ocrx_word' id='word_1_81' title='bbox 1303 740 1440 778; x_wconf 92' lang='lat' dir='ltr'>tribus</span> <span class='ocrx_word' id='word_1_82' title='bbox 1451 741 1685 787; x_wconf 89' lang='lat' dir='ltr'>praecipuis</span> <span class='ocrx_word' id='word_1_83' title='bbox 1694 738 1856 777; x_wconf 91' lang='lat' dir='ltr'>Mundi</span> <span class='ocrx_word' id='word_1_84' title='bbox 1867 737 2052 787; x_wconf 68' lang='lat' dir='ltr'>aspecta-</span> 
     </span>
     <span class='ocr_line' id='line_1_11' title="bbox 408 792 2121 846; baseline -0.003 -9"><span class='ocrx_word' id='word_1_85' title='bbox 408 799 505 837; x_wconf 93' lang='lat' dir='ltr'>bilis</span> <span class='ocrx_word' id='word_1_86' title='bbox 525 798 790 846; x_wconf 81' lang='lat' dir='ltr'>corporibus,</span> <span class='ocrx_word' id='word_1_87' title='bbox 816 807 916 843; x_wconf 84' lang='lat' dir='ltr'>quae</span> <span class='ocrx_word' id='word_1_88' title='bbox 939 794 1164 833; x_wconf 89' lang='lat' dir='ltr'>intercedit</span> <span class='ocrx_word' id='word_1_89' title='bbox 1187 793 1485 841; x_wconf 82' lang='lat' dir='ltr'>discrepantia,</span> <span class='ocrx_word' id='word_1_90' title='bbox 1511 804 1604 830; x_wconf 89' lang='lat' dir='ltr'>non</span> <span class='ocrx_word' id='word_1_91' title='bbox 1623 792 1872 840; x_wconf 88' lang='lat' dir='ltr'>vsqueadeo</span> <span class='ocrx_word' id='word_1_92' title='bbox 1891 803 2054 840; x_wconf 87' lang='lat' dir='ltr'>magna</span> <span class='ocrx_word' id='word_1_93' title='bbox 2091 805 2121 832; x_wconf 84' lang='grc' dir='ltr'>ιο</span> 
     </span>
     <span class='ocr_line' id='line_1_12' title="bbox 410 844 2052 899; baseline -0.004 -9"><span class='ocrx_word' id='word_1_94' title='bbox 410 852 476 896; x_wconf 88' lang='lat' dir='ltr'>est,</span> <span class='ocrx_word' id='word_1_95' title='bbox 489 854 594 899; x_wconf 90' lang='lat' dir='ltr'>quin</span> <span class='ocrx_word' id='word_1_96' title='bbox 606 851 730 889; x_wconf 89' lang='lat' dir='ltr'>facile</span> <span class='ocrx_word' id='word_1_97' title='bbox 742 849 865 888; x_wconf 90' lang='lat' dir='ltr'>suam</span> <span class='ocrx_word' id='word_1_98' title='bbox 876 849 993 896; x_wconf 93' lang='lat' dir='ltr'>apud</span> <span class='ocrx_word' id='word_1_99' title='bbox 1005 849 1163 896; x_wconf 85' lang='lat' dir='ltr'>negotij</span> <span class='ocrx_word' id='word_1_100' title='bbox 1177 846 1455 885; x_wconf 91' lang='lat' dir='ltr'>subtilitatem</span> <span class='ocrx_word' id='word_1_101' title='bbox 1466 844 1578 885; x_wconf 80' lang='lat' dir='ltr'>rec&#39;te</span> <span class='ocrx_word' id='word_1_102' title='bbox 1590 845 1863 890; x_wconf 73' lang='lat' dir='ltr'>aestimantes,</span> <span class='ocrx_word' id='word_1_103' title='bbox 1880 844 2052 884; x_wconf 83' lang='lat' dir='ltr'>excusa-</span> 
     </span>
     <span class='ocr_line' id='line_1_13' title="bbox 408 898 2052 949; baseline -0.004 -6"><span class='ocrx_word' id='word_1_104' title='bbox 408 908 572 943; x_wconf 91' lang='lat' dir='ltr'>tionem</span> <span class='ocrx_word' id='word_1_105' title='bbox 587 909 817 942; x_wconf 87' lang='lat' dir='ltr'>mereatur.</span> <span class='ocrx_word' id='word_1_106' title='bbox 834 903 969 949; x_wconf 84' lang='lat' dir='ltr'>Atqui</span> <span class='ocrx_word' id='word_1_107' title='bbox 986 901 1147 940; x_wconf 92' lang='lat' dir='ltr'>horum</span> <span class='ocrx_word' id='word_1_108' title='bbox 1163 900 1342 948; x_wconf 93' lang='lat' dir='ltr'>quidem</span> <span class='ocrx_word' id='word_1_109' title='bbox 1358 911 1450 938; x_wconf 93' lang='lat' dir='ltr'>non</span> <span class='ocrx_word' id='word_1_110' title='bbox 1466 899 1709 938; x_wconf 91' lang='lat' dir='ltr'>admodum</span> <span class='ocrx_word' id='word_1_111' title='bbox 1724 898 1913 937; x_wconf 87' lang='lat' dir='ltr'>difficilis</span> <span class='ocrx_word' id='word_1_112' title='bbox 1924 898 1980 937; x_wconf 86' lang='lat' dir='ltr'>est</span> <span class='ocrx_word' id='word_1_113' title='bbox 1992 898 2052 937; x_wconf 93' lang='lat' dir='ltr'>di-</span> 
     </span>
     <span class='ocr_line' id='line_1_14' title="bbox 407 951 2052 1006; baseline -0.003 -10"><span class='ocrx_word' id='word_1_114' title='bbox 407 958 582 1002; x_wconf 90' lang='lat' dir='ltr'>menfio,</span> <span class='ocrx_word' id='word_1_115' title='bbox 599 957 946 1006; x_wconf 84' lang='lat' dir='ltr'>symmetriaeque</span> <span class='ocrx_word' id='word_1_116' title='bbox 963 956 1167 1003; x_wconf 86' lang='lat' dir='ltr'>cognitio:</span> <span class='ocrx_word' id='word_1_117' title='bbox 1185 965 1286 992; x_wconf 91' lang='lat' dir='ltr'>cum</span> <span class='ocrx_word' id='word_1_118' title='bbox 1301 953 1487 992; x_wconf 84' lang='lat' dir='ltr'>visibiles</span> <span class='ocrx_word' id='word_1_119' title='bbox 1503 953 1716 997; x_wconf 89' lang='lat' dir='ltr'>diametri,</span> <span class='ocrx_word' id='word_1_120' title='bbox 1734 951 2052 997; x_wconf 87' lang='lat' dir='ltr'>Obseruatiom&#39;,</span> 
     </span>
     <span class='ocr_line' id='line_1_15' title="bbox 407 1005 2053 1060; baseline -0.003 -11"><span class='ocrx_word' id='word_1_121' title='bbox 407 1017 581 1060; x_wconf 88' lang='lat' dir='ltr'>propter</span> <span class='ocrx_word' id='word_1_122' title='bbox 591 1010 938 1058; x_wconf 88' lang='lat' dir='ltr'>magnitudinem</span> <span class='ocrx_word' id='word_1_123' title='bbox 950 1008 1211 1052; x_wconf 91' lang='lat' dir='ltr'>euidentem‚</span> <span class='ocrx_word' id='word_1_124' title='bbox 1229 1007 1327 1046; x_wconf 89' lang='lat' dir='ltr'>satis</span> <span class='ocrx_word' id='word_1_125' title='bbox 1339 1006 1570 1045; x_wconf 91' lang='lat' dir='ltr'>commode</span> <span class='ocrx_word' id='word_1_126' title='bbox 1582 1011 1772 1054; x_wconf 90' lang='lat' dir='ltr'>pateant,</span> <span class='ocrx_word' id='word_1_127' title='bbox 1789 1005 1828 1044; x_wconf 90' lang='grc'>8(</span> <span class='ocrx_word' id='word_1_128' title='bbox 1843 1005 2053 1045; x_wconf 64' lang='lat' dir='ltr'>distantiae</span> 
     </span>
     <span class='ocr_line' id='line_1_16' title="bbox 407 1058 2121 1110; baseline -0.003 -7"><span class='ocrx_word' id='word_1_129' title='bbox 407 1066 461 1103; x_wconf 93' lang='lat' dir='ltr'>ab</span> <span class='ocrx_word' id='word_1_130' title='bbox 482 1066 673 1102; x_wconf 92' lang='lat' dir='ltr'>inuicem</span> <span class='ocrx_word' id='word_1_131' title='bbox 694 1075 747 1101; x_wconf 85' lang='lat' dir='ltr'>ex</span> <span class='ocrx_word' id='word_1_132' title='bbox 763 1062 998 1110; x_wconf 87' lang='lat' dir='ltr'>Eclipfibus</span> <span class='ocrx_word' id='word_1_133' title='bbox 1015 1062 1167 1105; x_wconf 86' lang='lat' dir='ltr'>Lunae,</span> <span class='ocrx_word' id='word_1_134' title='bbox 1187 1060 1409 1099; x_wconf 90' lang='lat' dir='ltr'>mediante</span> <span class='ocrx_word' id='word_1_135' title='bbox 1424 1060 1580 1099; x_wconf 91' lang='lat' dir='ltr'>vmbra</span> <span class='ocrx_word' id='word_1_136' title='bbox 1594 1059 1756 1104; x_wconf 87' lang='lat' dir='ltr'>Terrae,</span> <span class='ocrx_word' id='word_1_137' title='bbox 1777 1061 1838 1098; x_wconf 91' lang='lat' dir='ltr'>vti</span> <span class='ocrx_word' id='word_1_138' title='bbox 1857 1059 1960 1104; x_wconf 82' lang='lat' dir='ltr'>dixi,</span> <span class='ocrx_word' id='word_1_139' title='bbox 1979 1058 2052 1099; x_wconf 86' lang='lat' dir='ltr'>da-</span> <span class='ocrx_word' id='word_1_140' title='bbox 2092 1072 2121 1098; x_wconf 73' lang='grc' dir='ltr'>ιε</span> 
     </span>
     <span class='ocr_line' id='line_1_17' title="bbox 407 1112 2054 1163; baseline -0.003 -7"><span class='ocrx_word' id='word_1_141' title='bbox 407 1118 513 1156; x_wconf 89' lang='lat' dir='ltr'>biles</span> <span class='ocrx_word' id='word_1_142' title='bbox 529 1118 622 1155; x_wconf 88' lang='lat' dir='ltr'>lint:</span> <span class='ocrx_word' id='word_1_143' title='bbox 639 1117 694 1154; x_wconf 92' lang='lat' dir='ltr'>Vt</span> <span class='ocrx_word' id='word_1_144' title='bbox 709 1122 878 1155; x_wconf 88' lang='lat' dir='ltr'>taceam</span> <span class='ocrx_word' id='word_1_145' title='bbox 895 1115 1013 1163; x_wconf 93' lang='lat' dir='ltr'>quod</span> <span class='ocrx_word' id='word_1_146' title='bbox 1031 1127 1084 1153; x_wconf 85' lang='lat' dir='ltr'>ex</span> <span class='ocrx_word' id='word_1_147' title='bbox 1095 1114 1411 1158; x_wconf 83' lang='lat' dir='ltr'>Parauaxibus,</span> <span class='ocrx_word' id='word_1_148' title='bbox 1428 1113 1666 1161; x_wconf 79' lang='lat' dir='ltr'>praesertim</span> <span class='ocrx_word' id='word_1_149' title='bbox 1677 1113 1830 1157; x_wconf 88' lang='lat' dir='ltr'>Lunae,</span> <span class='ocrx_word' id='word_1_150' title='bbox 1847 1112 2054 1151; x_wconf 87' lang='lat' dir='ltr'>subtiliter</span> 
     </span>
     <span class='ocr_line' id='line_1_18' title="bbox 408 1165 2052 1219; baseline -0.003 -10"><span class='ocrx_word' id='word_1_151' title='bbox 408 1171 710 1219; x_wconf 84' lang='lat' dir='ltr'>peruestigatis,</span> <span class='ocrx_word' id='word_1_152' title='bbox 727 1170 860 1207; x_wconf 92' lang='lat' dir='ltr'>huius</span> <span class='ocrx_word' id='word_1_153' title='bbox 871 1181 897 1207; x_wconf 90' lang='lat' dir='ltr'>a</span> <span class='ocrx_word' id='word_1_154' title='bbox 907 1168 1053 1207; x_wconf 92' lang='lat' dir='ltr'>Terris</span> <span class='ocrx_word' id='word_1_155' title='bbox 1069 1170 1269 1212; x_wconf 88' lang='lat' dir='ltr'>remotio,</span> <span class='ocrx_word' id='word_1_156' title='bbox 1286 1169 1532 1206; x_wconf 82' lang='lat' dir='ltr'>examinari</span> <span class='ocrx_word' id='word_1_157' title='bbox 1548 1172 1696 1214; x_wconf 90' lang='lat' dir='ltr'>queat:</span> <span class='ocrx_word' id='word_1_158' title='bbox 1713 1166 1880 1204; x_wconf 91' lang='lat' dir='ltr'>Verum</span> <span class='ocrx_word' id='word_1_159' title='bbox 1896 1168 1942 1204; x_wconf 92' lang='lat' dir='ltr'>in</span> <span class='ocrx_word' id='word_1_160' title='bbox 1957 1165 2052 1204; x_wconf 89' lang='lat' dir='ltr'>reli-</span> 
     </span>
     <span class='ocr_line' id='line_1_19' title="bbox 409 1219 2052 1272; baseline -0.002 -10"><span class='ocrx_word' id='word_1_161' title='bbox 409 1227 505 1272; x_wconf 89' lang='lat' dir='ltr'>quis</span> <span class='ocrx_word' id='word_1_162' title='bbox 516 1224 716 1267; x_wconf 86' lang='lat' dir='ltr'>Planetis,</span> <span class='ocrx_word' id='word_1_163' title='bbox 733 1234 833 1261; x_wconf 92' lang='lat' dir='ltr'>cum</span> <span class='ocrx_word' id='word_1_164' title='bbox 849 1222 945 1260; x_wconf 91' lang='lat' dir='ltr'>haec</span> <span class='ocrx_word' id='word_1_165' title='bbox 961 1223 1062 1265; x_wconf 94' lang='lat' dir='ltr'>duo,</span> <span class='ocrx_word' id='word_1_166' title='bbox 1079 1233 1171 1259; x_wconf 94' lang='lat' dir='ltr'>non</span> <span class='ocrx_word' id='word_1_167' title='bbox 1187 1223 1247 1260; x_wconf 91' lang='lat' dir='ltr'>ita</span> <span class='ocrx_word' id='word_1_168' title='bbox 1262 1226 1462 1269; x_wconf 88' lang='lat' dir='ltr'>prompte</span> <span class='ocrx_word' id='word_1_169' title='bbox 1479 1220 1789 1265; x_wconf 91' lang='lat' dir='ltr'>concedantur,</span> <span class='ocrx_word' id='word_1_170' title='bbox 1805 1221 1948 1258; x_wconf 90' lang='lat' dir='ltr'>maior</span> <span class='ocrx_word' id='word_1_171' title='bbox 1960 1219 2052 1258; x_wconf 85' lang='lat' dir='ltr'>sub-</span> 
     </span>
     <span class='ocr_line' id='line_1_20' title="bbox 409 1273 2053 1324; baseline -0.002 -8"><span class='ocrx_word' id='word_1_172' title='bbox 409 1278 463 1316; x_wconf 81' lang='lat' dir='ltr'>est</span> <span class='ocrx_word' id='word_1_173' title='bbox 474 1277 720 1321; x_wconf 84' lang='lat' dir='ltr'>difficultas;</span> <span class='ocrx_word' id='word_1_174' title='bbox 738 1282 777 1314; x_wconf 91' lang='lat' dir='ltr'>et</span> <span class='ocrx_word' id='word_1_175' title='bbox 790 1277 918 1324; x_wconf 88' lang='lat' dir='ltr'>longe</span> <span class='ocrx_word' id='word_1_176' title='bbox 930 1275 1074 1314; x_wconf 90' lang='lat' dir='ltr'>adhuc</span> <span class='ocrx_word' id='word_1_177' title='bbox 1086 1275 1184 1323; x_wconf 92' lang='lat' dir='ltr'>plus</span> <span class='ocrx_word' id='word_1_178' title='bbox 1196 1277 1242 1312; x_wconf 90' lang='lat' dir='ltr'>in</span> <span class='ocrx_word' id='word_1_179' title='bbox 1253 1274 1370 1312; x_wconf 86' lang='lat' dir='ltr'>Fixis</span> <span class='ocrx_word' id='word_1_180' title='bbox 1381 1274 1618 1318; x_wconf 90' lang='lat' dir='ltr'>Sideribus,</span> <span class='ocrx_word' id='word_1_181' title='bbox 1635 1273 1691 1312; x_wconf 91' lang='lat' dir='ltr'>ob</span> <span class='ocrx_word' id='word_1_182' title='bbox 1702 1275 1888 1312; x_wconf 84' lang='lat' dir='ltr'>nimiam</span> <span class='ocrx_word' id='word_1_183' title='bbox 1899 1284 2053 1312; x_wconf 88' lang='lat' dir='ltr'>eorum</span> 
     </span>
     <span class='ocr_line' id='line_1_21' title="bbox 408 1329 2121 1370; baseline -0.005 -1"><span class='ocrx_word' id='word_1_184' title='bbox 408 1331 462 1369; x_wconf 91' lang='lat' dir='ltr'>ab</span> <span class='ocrx_word' id='word_1_185' title='bbox 478 1333 636 1369; x_wconf 90' lang='lat' dir='ltr'>intuitu</span> <span class='ocrx_word' id='word_1_186' title='bbox 652 1330 794 1368; x_wconf 78' lang='lat' dir='ltr'>nostro</span> <span class='ocrx_word' id='word_1_187' title='bbox 811 1329 1066 1368; x_wconf 85' lang='lat' dir='ltr'>distantiam.</span> <span class='ocrx_word' id='word_1_188' title='bbox 2088 1339 2121 1370; x_wconf 80' lang='lat'>20</span> 
     </span>
    </p>

    <p class='ocr_par' dir='ltr' id='par_1_5' title="bbox 408 1379 2052 1538">
     <span class='ocr_line' id='line_1_22' title="bbox 461 1379 2052 1432; baseline -0.003 -10"><span class='ocrx_word' id='word_1_189' title='bbox 461 1384 738 1432; x_wconf 90' lang='lat' dir='ltr'>Quapropter</span> <span class='ocrx_word' id='word_1_190' title='bbox 749 1383 1012 1421; x_wconf 78' lang='lat' dir='ltr'>Ptolemaeus</span> <span class='ocrx_word' id='word_1_191' title='bbox 1022 1382 1060 1420; x_wconf 90' lang='grc'>8(</span> <span class='ocrx_word' id='word_1_192' title='bbox 1070 1381 1344 1429; x_wconf 89' lang='lat' dir='ltr'>Copernicus</span> <span class='ocrx_word' id='word_1_193' title='bbox 1356 1383 1470 1420; x_wconf 88' lang='lat' dir='ltr'>circa</span> <span class='ocrx_word' id='word_1_194' title='bbox 1481 1381 1791 1419; x_wconf 88' lang='lat' dir='ltr'>Luminarium</span> <span class='ocrx_word' id='word_1_195' title='bbox 1801 1379 1952 1419; x_wconf 82' lang='lat' dir='ltr'>saltem</span> <span class='ocrx_word' id='word_1_196' title='bbox 1962 1391 2052 1419; x_wconf 93' lang='lat' dir='ltr'>ma-</span> 
     </span>
     <span class='ocr_line' id='line_1_23' title="bbox 408 1433 2052 1486; baseline -0.002 -10"><span class='ocrx_word' id='word_1_197' title='bbox 408 1438 678 1486; x_wconf 90' lang='lat' dir='ltr'>gnitudinem</span> <span class='ocrx_word' id='word_1_198' title='bbox 698 1448 849 1475; x_wconf 91' lang='lat' dir='ltr'>veram</span> <span class='ocrx_word' id='word_1_199' title='bbox 870 1435 1169 1474; x_wconf 89' lang='lat' dir='ltr'>definiendam</span> <span class='ocrx_word' id='word_1_200' title='bbox 1189 1435 1534 1483; x_wconf 91' lang='lat' dir='ltr'>occupabantur:</span> <span class='ocrx_word' id='word_1_201' title='bbox 1557 1436 1736 1479; x_wconf 79' lang='lat' dir='ltr'>caeteris,</span> <span class='ocrx_word' id='word_1_202' title='bbox 1757 1440 1848 1473; x_wconf 90' lang='lat' dir='ltr'>tam</span> <span class='ocrx_word' id='word_1_203' title='bbox 1864 1433 2052 1473; x_wconf 90' lang='lat' dir='ltr'>Erranti·</span> 
     </span>
     <span class='ocr_line' id='line_1_24' title="bbox 408 1484 1681 1538; baseline -0.002 -9"><span class='ocrx_word' id='word_1_204' title='bbox 408 1492 487 1529; x_wconf 89' lang='lat' dir='ltr'>bus</span> <span class='ocrx_word' id='word_1_205' title='bbox 504 1491 656 1534; x_wconf 84' lang='lat' dir='ltr'>Stellis,</span> <span class='ocrx_word' id='word_1_206' title='bbox 674 1501 808 1538; x_wconf 90' lang='lat' dir='ltr'>quarn</span> <span class='ocrx_word' id='word_1_207' title='bbox 825 1489 1122 1528; x_wconf 91' lang='lat' dir='ltr'>Inerrantibus</span> <span class='ocrx_word' id='word_1_208' title='bbox 1139 1488 1334 1527; x_wconf 87' lang='lat' dir='ltr'>consulto</span> <span class='ocrx_word' id='word_1_209' title='bbox 1350 1488 1649 1536; x_wconf 77' lang='lat' dir='ltr'>praetermissis</span> <span class='ocrx_word' id='word_1_210' title='bbox 1667 1484 1681 1538; x_wconf 94' lang='grc' dir='ltr'>ΙΙ</span> 
     </span>
    </p>
   </div>
   <div class='ocr_carea' id='block_1_3' title="bbox 409 1611 2135 1777">
    <p class='ocr_par' dir='ltr' id='par_1_6' title="bbox 409 1611 2135 1777">
     <span class='ocr_line' id='line_1_25' title="bbox 409 1611 2135 1661; baseline -0.002 -8"><span class='ocrx_word' id='word_1_211' title='bbox 409 1615 487 1653; x_wconf 92' lang='lat' dir='ltr'>DE</span> <span class='ocrx_word' id='word_1_212' title='bbox 506 1614 893 1654; x_wconf 88' lang='lat' dir='ltr'><strong>CAETERORUM</strong></span> <span class='ocrx_word' id='word_1_213' title='bbox 913 1613 1183 1661; x_wconf 91' lang='lat' dir='ltr'><strong>QVINQVE</strong></span> <span class='ocrx_word' id='word_1_214' title='bbox 1202 1612 1620 1657; x_wconf 83' lang='lat' dir='ltr'>PLANETARVM,</span> <span class='ocrx_word' id='word_1_215' title='bbox 1641 1611 1841 1660; x_wconf 82' lang='lat' dir='ltr'><strong>ATQUE</strong></span> <span class='ocrx_word' id='word_1_216' title='bbox 1861 1611 2052 1651; x_wconf 85' lang='lat' dir='ltr'>ETIAM</span> <span class='ocrx_word' id='word_1_217' title='bbox 2075 1618 2135 1652; x_wconf 80' lang='lat'>467</span> 
     </span>
     <span class='ocr_line' id='line_1_26' title="bbox 518 1674 2120 1719; baseline -0.001 -4"><span class='ocrx_word' id='word_1_218' title='bbox 518 1676 787 1715; x_wconf 85' lang='lat' dir='ltr'>FIXARVM</span> <span class='ocrx_word' id='word_1_219' title='bbox 808 1675 1160 1715; x_wconf 87' lang='lat' dir='ltr'>STELLARVM</span> <span class='ocrx_word' id='word_1_220' title='bbox 1182 1674 1738 1719; x_wconf 85' lang='lat' dir='ltr'>MAGNITUDINIBUS,</span> <span class='ocrx_word' id='word_1_221' title='bbox 1759 1674 1948 1714; x_wconf 89' lang='lat' dir='ltr'>IUXTA</span> <span class='ocrx_word' id='word_1_222' title='bbox 2088 1687 2120 1713; x_wconf 75' lang='lat'>25</span> 
     </span>
     <span class='ocr_line' id='line_1_27' title="bbox 744 1737 1716 1777; baseline 0 -1"><span class='ocrx_word' id='word_1_223' title='bbox 744 1737 1192 1776; x_wconf 88' lang='lat' dir='ltr'>ALBATEGNIUM</span> <span class='ocrx_word' id='word_1_224' title='bbox 1213 1737 1251 1776; x_wconf 91' lang='grc'>8(</span> <span class='ocrx_word' id='word_1_225' title='bbox 1272 1737 1716 1777; x_wconf 86' lang='lat' dir='ltr'><strong>ALFRAGANUM.</strong></span> 
     </span>
    </p>
   </div>
   <div class='ocr_carea' id='block_1_4' title="bbox 407 1808 2120 2606">
    <p class='ocr_par' dir='ltr' id='par_1_7' title="bbox 408 1808 2052 1964">
     <span class='ocr_line' id='line_1_28' title="bbox 484 1808 2052 1857; baseline -0.001 -9"><span class='ocrx_word' id='word_1_226' title='bbox 484 1809 857 1848; x_wconf 86' lang='lat' dir='ltr'>LBATEGNIVS</span> <span class='ocrx_word' id='word_1_227' title='bbox 874 1809 912 1847; x_wconf 90' lang='grc'>8(</span> <span class='ocrx_word' id='word_1_228' title='bbox 928 1809 1017 1857; x_wconf 91' lang='lat' dir='ltr'>post</span> <span class='ocrx_word' id='word_1_229' title='bbox 1033 1821 1136 1847; x_wconf 93' lang='lat' dir='ltr'>eum</span> <span class='ocrx_word' id='word_1_230' title='bbox 1149 1808 1554 1848; x_wconf 87' lang='lat' dir='ltr'>ALFRAGANVS</span> <span class='ocrx_word' id='word_1_231' title='bbox 1565 1809 1747 1853; x_wconf 85' lang='lat' dir='ltr'>Arabes,</span> <span class='ocrx_word' id='word_1_232' title='bbox 1764 1808 1860 1847; x_wconf 87' lang='lat' dir='ltr'>haec</span> <span class='ocrx_word' id='word_1_233' title='bbox 1877 1819 2052 1857; x_wconf 90' lang='lat' dir='ltr'>quoque</span> 
     </span>
     <span class='ocr_line' id='line_1_29' title="bbox 523 1861 2052 1911; baseline -0.001 -9"><span class='ocrx_word' id='word_1_234' title='bbox 523 1863 673 1902; x_wconf 92' lang='lat' dir='ltr'>Sidera</span> <span class='ocrx_word' id='word_1_235' title='bbox 693 1875 783 1901; x_wconf 91' lang='lat' dir='ltr'>non</span> <span class='ocrx_word' id='word_1_236' title='bbox 804 1862 964 1902; x_wconf 68' lang='lat' dir='ltr'>intaeta</span> <span class='ocrx_word' id='word_1_237' title='bbox 985 1862 1271 1910; x_wconf 91' lang='lat' dir='ltr'>reliquerunt:</span> <span class='ocrx_word' id='word_1_238' title='bbox 1294 1862 1378 1901; x_wconf 90' lang='lat' dir='ltr'>Sed</span> <span class='ocrx_word' id='word_1_239' title='bbox 1399 1862 1638 1901; x_wconf 91' lang='lat' dir='ltr'>secundum</span> <span class='ocrx_word' id='word_1_240' title='bbox 1654 1862 1942 1901; x_wconf 82' lang='lat' dir='ltr'>Ptolemaicas</span> <span class='ocrx_word' id='word_1_241' title='bbox 1960 1861 2052 1911; x_wconf 86' lang='lat' dir='ltr'>Hy·</span> 
     </span>
     <span class='ocr_line' id='line_1_30' title="bbox 408 1915 2052 1964; baseline 0 -10"><span class='ocrx_word' id='word_1_242' title='bbox 408 1916 603 1964; x_wconf 82' lang='lat' dir='ltr'>potheses</span> <span class='ocrx_word' id='word_1_243' title='bbox 620 1917 900 1955; x_wconf 91' lang='lat' dir='ltr'>Planetarum</span> <span class='ocrx_word' id='word_1_244' title='bbox 921 1918 1187 1954; x_wconf 90' lang='lat' dir='ltr'>remotiones</span> <span class='ocrx_word' id='word_1_245' title='bbox 1205 1918 1424 1955; x_wconf 82' lang='lat' dir='ltr'>maximas</span> <span class='ocrx_word' id='word_1_246' title='bbox 1440 1922 1571 1964; x_wconf 91' lang='lat' dir='ltr'>atque</span> <span class='ocrx_word' id='word_1_247' title='bbox 1588 1917 1795 1954; x_wconf 90' lang='lat' dir='ltr'>minimas</span> <span class='ocrx_word' id='word_1_248' title='bbox 1811 1915 2052 1960; x_wconf 85' lang='lat' dir='ltr'>scrutando,</span> 
     </span>
    </p>

    <p class='ocr_par' dir='ltr' id='par_1_8' title="bbox 407 1968 2120 2231">
     <span class='ocr_line' id='line_1_31' title="bbox 408 1968 2120 2018; baseline 0.001 -11"><span class='ocrx_word' id='word_1_249' title='bbox 408 1970 596 2017; x_wconf 91' lang='lat' dir='ltr'>hincque</span> <span class='ocrx_word' id='word_1_250' title='bbox 613 1971 892 2008; x_wconf 91' lang='lat' dir='ltr'>intermedias</span> <span class='ocrx_word' id='word_1_251' title='bbox 909 1970 1165 2018; x_wconf 79' lang='lat' dir='ltr'>colligendo,</span> <span class='ocrx_word' id='word_1_252' title='bbox 1182 1975 1276 2007; x_wconf 92' lang='lat' dir='ltr'>tum</span> <span class='ocrx_word' id='word_1_253' title='bbox 1293 1972 1424 2008; x_wconf 89' lang='lat' dir='ltr'>etiam</span> <span class='ocrx_word' id='word_1_254' title='bbox 1437 1969 1672 2008; x_wconf 89' lang='lat' dir='ltr'>Stellarum</span> <span class='ocrx_word' id='word_1_255' title='bbox 1684 1969 1893 2008; x_wconf 85' lang='lat' dir='ltr'>Fixarum</span> <span class='ocrx_word' id='word_1_256' title='bbox 1904 1968 2051 2018; x_wconf 84' lang='lat' dir='ltr'>Sphae-</span> <span class='ocrx_word' id='word_1_257' title='bbox 2087 1979 2120 2007; x_wconf 78' lang='lat'>³0</span> 
     </span>
     <span class='ocr_line' id='line_1_32' title="bbox 408 2021 2052 2070; baseline 0 -9"><span class='ocrx_word' id='word_1_258' title='bbox 408 2035 501 2061; x_wconf 91' lang='lat' dir='ltr'>ram</span> <span class='ocrx_word' id='word_1_259' title='bbox 522 2023 658 2061; x_wconf 88' lang='lat' dir='ltr'>statim</span> <span class='ocrx_word' id='word_1_260' title='bbox 679 2023 805 2070; x_wconf 88' lang='lat' dir='ltr'>supra</span> <span class='ocrx_word' id='word_1_261' title='bbox 826 2023 1066 2061; x_wconf 91' lang='lat' dir='ltr'>Saturnum</span> <span class='ocrx_word' id='word_1_262' title='bbox 1087 2023 1356 2070; x_wconf 77' lang='lat' dir='ltr'>reponendo,</span> <span class='ocrx_word' id='word_1_263' title='bbox 1380 2023 1576 2062; x_wconf 90' lang='lat' dir='ltr'>adhibita</span> <span class='ocrx_word' id='word_1_264' title='bbox 1596 2025 1643 2061; x_wconf 91' lang='lat' dir='ltr'>in</span> <span class='ocrx_word' id='word_1_265' title='bbox 1663 2023 1870 2061; x_wconf 91' lang='lat' dir='ltr'>omnibus</span> <span class='ocrx_word' id='word_1_266' title='bbox 1889 2021 2052 2067; x_wconf 85' lang='lat' dir='ltr'>vifibili,</span> 
     </span>
     <span class='ocr_line' id='line_1_33' title="bbox 408 2076 2052 2124; baseline 0.001 -10"><span class='ocrx_word' id='word_1_267' title='bbox 408 2088 482 2123; x_wconf 90' lang='lat' dir='ltr'>per</span> <span class='ocrx_word' id='word_1_268' title='bbox 499 2076 827 2115; x_wconf 77' lang='lat' dir='ltr'>aestimationem</span> <span class='ocrx_word' id='word_1_269' title='bbox 844 2077 920 2123; x_wconf 89' lang='lat' dir='ltr'>(vti</span> <span class='ocrx_word' id='word_1_270' title='bbox 936 2076 1123 2123; x_wconf 85' lang='lat' dir='ltr'>videtur)</span> <span class='ocrx_word' id='word_1_271' title='bbox 1141 2083 1318 2124; x_wconf 91' lang='lat' dir='ltr'>accepta</span> <span class='ocrx_word' id='word_1_272' title='bbox 1335 2077 1562 2121; x_wconf 88' lang='lat' dir='ltr'>diametro,</span> <span class='ocrx_word' id='word_1_273' title='bbox 1584 2077 1636 2115; x_wconf 93' lang='lat' dir='ltr'>de</span> <span class='ocrx_word' id='word_1_274' title='bbox 1659 2088 1814 2115; x_wconf 87' lang='lat' dir='ltr'>eorum</span> <span class='ocrx_word' id='word_1_275' title='bbox 1829 2078 1944 2115; x_wconf 90' lang='lat' dir='ltr'>veris</span> <span class='ocrx_word' id='word_1_276' title='bbox 1963 2087 2052 2115; x_wconf 89' lang='lat' dir='ltr'>ma·</span> 
     </span>
     <span class='ocr_line' id='line_1_34' title="bbox 407 2129 2053 2178; baseline 0.001 -11"><span class='ocrx_word' id='word_1_277' title='bbox 407 2130 704 2176; x_wconf 87' lang='lat' dir='ltr'>gnitudinibus</span> <span class='ocrx_word' id='word_1_278' title='bbox 727 2132 970 2168; x_wconf 89' lang='lat' dir='ltr'>ratiocinati</span> <span class='ocrx_word' id='word_1_279' title='bbox 995 2130 1100 2168; x_wconf 86' lang='lat' dir='ltr'>sunt.</span> <span class='ocrx_word' id='word_1_280' title='bbox 1126 2129 1517 2176; x_wconf 88' lang='lat' dir='ltr'>Quemadmodum</span> <span class='ocrx_word' id='word_1_281' title='bbox 1541 2129 1637 2168; x_wconf 82' lang='lat' dir='ltr'>haec</span> <span class='ocrx_word' id='word_1_282' title='bbox 1658 2129 1747 2178; x_wconf 87' lang='lat' dir='ltr'>ipsa</span> <span class='ocrx_word' id='word_1_283' title='bbox 1767 2130 2053 2178; x_wconf 85' lang='lat' dir='ltr'>Albategnius</span> 
     </span>
     <span class='ocr_line' id='line_1_35' title="bbox 409 2183 2052 2231; baseline 0.001 -11"><span class='ocrx_word' id='word_1_284' title='bbox 409 2183 515 2229; x_wconf 88' lang='lat' dir='ltr'>Cap.</span> <span class='ocrx_word' id='word_1_285' title='bbox 542 2184 592 2221; x_wconf 88' lang='grc'>50</span> <span class='ocrx_word' id='word_1_286' title='bbox 617 2184 858 2221; x_wconf 89' lang='lat' dir='ltr'>luculenter</span> <span class='ocrx_word' id='word_1_287' title='bbox 884 2185 1079 2230; x_wconf 86' lang='lat' dir='ltr'>exponit:</span> <span class='ocrx_word' id='word_1_288' title='bbox 1110 2183 1378 2231; x_wconf 87' lang='lat' dir='ltr'>Alsraganus</span> <span class='ocrx_word' id='word_1_289' title='bbox 1403 2195 1509 2222; x_wconf 88' lang='lat' dir='ltr'>vero</span> <span class='ocrx_word' id='word_1_290' title='bbox 1535 2183 1798 2222; x_wconf 82' lang='lat' dir='ltr'>Differentia</span> <span class='ocrx_word' id='word_1_291' title='bbox 1822 2183 1885 2222; x_wconf 89' lang='lat'>22.</span> <span class='ocrx_word' id='word_1_292' title='bbox 1911 2183 2052 2231; x_wconf 87' lang='lat' dir='ltr'>thue</span> 
     </span>
    </p>

    <p class='ocr_par' dir='ltr' id='par_1_9' title="bbox 408 2235 2119 2499">
     <span class='ocr_line' id='line_1_36' title="bbox 409 2235 2119 2284; baseline -0.001 -11"><span class='ocrx_word' id='word_1_293' title='bbox 409 2248 561 2273; x_wconf 90' lang='lat' dir='ltr'>eorum</span> <span class='ocrx_word' id='word_1_294' title='bbox 578 2237 628 2273; x_wconf 91' lang='lat' dir='ltr'>de</span> <span class='ocrx_word' id='word_1_295' title='bbox 646 2236 714 2273; x_wconf 90' lang='lat' dir='ltr'>his</span> <span class='ocrx_word' id='word_1_296' title='bbox 731 2236 937 2274; x_wconf 86' lang='lat' dir='ltr'>sententia</span> <span class='ocrx_word' id='word_1_297' title='bbox 952 2239 1195 2284; x_wconf 90' lang='lat' dir='ltr'>promptius</span> <span class='ocrx_word' id='word_1_298' title='bbox 1207 2237 1458 2281; x_wconf 79' lang='lat' dir='ltr'>innotescat,</span> <span class='ocrx_word' id='word_1_299' title='bbox 1475 2249 1575 2276; x_wconf 94' lang='lat' dir='ltr'>eam</span> <span class='ocrx_word' id='word_1_300' title='bbox 1586 2237 1794 2276; x_wconf 89' lang='lat' dir='ltr'>breuibus</span> <span class='ocrx_word' id='word_1_301' title='bbox 1806 2235 2051 2276; x_wconf 86' lang='lat' dir='ltr'>recensebo:</span> <span class='ocrx_word' id='word_1_302' title='bbox 2087 2245 2119 2272; x_wconf 73' lang='lat'>³³</span> 
     </span>
     <span class='ocr_line' id='line_1_37' title="bbox 410 2289 2052 2337; baseline 0.002 -12"><span class='ocrx_word' id='word_1_303' title='bbox 410 2289 641 2336; x_wconf 78' lang='lat' dir='ltr'>Posteaque</span> <span class='ocrx_word' id='word_1_304' title='bbox 664 2290 826 2327; x_wconf 87' lang='lat' dir='ltr'>nostras</span> <span class='ocrx_word' id='word_1_305' title='bbox 848 2292 891 2327; x_wconf 93' lang='lat' dir='ltr'>in</span> <span class='ocrx_word' id='word_1_306' title='bbox 913 2290 1061 2337; x_wconf 88' lang='lat' dir='ltr'>ijsdem</span> <span class='ocrx_word' id='word_1_307' title='bbox 1083 2290 1500 2333; x_wconf 79' lang='lat' dir='ltr'>animaduersiones,</span> <span class='ocrx_word' id='word_1_308' title='bbox 1521 2291 1576 2329; x_wconf 92' lang='lat' dir='ltr'>ab</span> <span class='ocrx_word' id='word_1_309' title='bbox 1598 2290 1759 2329; x_wconf 88' lang='lat' dir='ltr'>horum</span> <span class='ocrx_word' id='word_1_310' title='bbox 1776 2290 1948 2329; x_wconf 85' lang='lat' dir='ltr'>Placitis</span> <span class='ocrx_word' id='word_1_311' title='bbox 1963 2300 2052 2328; x_wconf 88' lang='lat' dir='ltr'>non</span> 
     </span>
     <span class='ocr_line' id='line_1_38' title="bbox 409 2342 2053 2392; baseline 0.002 -14"><span class='ocrx_word' id='word_1_312' title='bbox 409 2353 563 2388; x_wconf 87' lang='lat' dir='ltr'>parum</span> <span class='ocrx_word' id='word_1_313' title='bbox 574 2342 872 2389; x_wconf 85' lang='lat' dir='ltr'>discrepantes,</span> <span class='ocrx_word' id='word_1_314' title='bbox 883 2345 969 2380; x_wconf 74' lang='lat' dir='ltr'>vna</span> <span class='ocrx_word' id='word_1_315' title='bbox 980 2343 1253 2390; x_wconf 84' lang='lat' dir='ltr'>patefaciam:</span> <span class='ocrx_word' id='word_1_316' title='bbox 1266 2344 1367 2392; x_wconf 84' lang='lat' dir='ltr'>Ipsis</span> <span class='ocrx_word' id='word_1_317' title='bbox 1377 2347 1509 2382; x_wconf 89' lang='lat' dir='ltr'>etiam</span> <span class='ocrx_word' id='word_1_318' title='bbox 1520 2344 1832 2383; x_wconf 91' lang='lat' dir='ltr'>Luminaribus</span> <span class='ocrx_word' id='word_1_319' title='bbox 1841 2350 2053 2392; x_wconf 85' lang='lat' dir='ltr'>tanquam</span> 
     </span>
     <span class='ocr_line' id='line_1_39' title="bbox 408 2396 2052 2446; baseline 0.002 -14"><span class='ocrx_word' id='word_1_320' title='bbox 408 2397 650 2442; x_wconf 80' lang='lat' dir='ltr'>praecipuis,</span> <span class='ocrx_word' id='word_1_321' title='bbox 662 2398 940 2443; x_wconf 87' lang='lat' dir='ltr'>maximeque</span> <span class='ocrx_word' id='word_1_322' title='bbox 952 2399 995 2434; x_wconf 92' lang='lat' dir='ltr'>in</span> <span class='ocrx_word' id='word_1_323' title='bbox 1007 2396 1149 2434; x_wconf 84' lang='lat' dir='ltr'>sensus</span> <span class='ocrx_word' id='word_1_324' title='bbox 1159 2398 1480 2435; x_wconf 90' lang='lat' dir='ltr'>incurrentibus</span> <span class='ocrx_word' id='word_1_325' title='bbox 1491 2398 1652 2436; x_wconf 88' lang='lat' dir='ltr'>Mundi</span> <span class='ocrx_word' id='word_1_326' title='bbox 1663 2397 1931 2446; x_wconf 77' lang='lat' dir='ltr'>corporibus,</span> <span class='ocrx_word' id='word_1_327' title='bbox 1941 2398 2052 2436; x_wconf 84' lang='lat' dir='ltr'>cirea</span> 
     </span>
     <span class='ocr_line' id='line_1_40' title="bbox 408 2449 2051 2499; baseline 0.003 -14"><span class='ocrx_word' id='word_1_328' title='bbox 408 2460 507 2495; x_wconf 82' lang='lat' dir='ltr'>quae</span> <span class='ocrx_word' id='word_1_329' title='bbox 521 2449 781 2486; x_wconf 80' lang='lat' dir='ltr'>Ptolemaeus</span> <span class='ocrx_word' id='word_1_330' title='bbox 794 2449 829 2486; x_wconf 83' lang='grc'>8(</span> <span class='ocrx_word' id='word_1_331' title='bbox 844 2450 1115 2496; x_wconf 88' lang='lat' dir='ltr'>Copernicus</span> <span class='ocrx_word' id='word_1_332' title='bbox 1128 2453 1172 2488; x_wconf 93' lang='lat' dir='ltr'>in</span> <span class='ocrx_word' id='word_1_333' title='bbox 1186 2451 1267 2488; x_wconf 89' lang='lat' dir='ltr'>hac</span> <span class='ocrx_word' id='word_1_334' title='bbox 1280 2454 1523 2499; x_wconf 88' lang='lat' dir='ltr'>pragmatia</span> <span class='ocrx_word' id='word_1_335' title='bbox 1538 2451 1814 2490; x_wconf 89' lang='lat' dir='ltr'>solummodo</span> <span class='ocrx_word' id='word_1_336' title='bbox 1826 2450 2051 2490; x_wconf 81' lang='lat' dir='ltr'>versaban-</span> 
     </span>
    </p>

    <p class='ocr_par' dir='ltr' id='par_1_10' title="bbox 408 2503 2117 2606">
     <span class='ocr_line' id='line_1_41' title="bbox 408 2503 2117 2552; baseline 0.004 -14"><span class='ocrx_word' id='word_1_337' title='bbox 408 2508 487 2544; x_wconf 87' lang='lat' dir='ltr'>tur,</span> <span class='ocrx_word' id='word_1_338' title='bbox 510 2513 791 2549; x_wconf 89' lang='lat' dir='ltr'>nequaquam</span> <span class='ocrx_word' id='word_1_339' title='bbox 813 2504 1108 2550; x_wconf 84' lang='lat' dir='ltr'>praetermissis.</span> <span class='ocrx_word' id='word_1_340' title='bbox 1131 2503 1419 2552; x_wconf 89' lang='lat' dir='ltr'>Tandemque</span> <span class='ocrx_word' id='word_1_341' title='bbox 1441 2505 1602 2543; x_wconf 90' lang='lat' dir='ltr'>Sideris</span> <span class='ocrx_word' id='word_1_342' title='bbox 1623 2507 1756 2543; x_wconf 90' lang='lat' dir='ltr'>etiam</span> <span class='ocrx_word' id='word_1_343' title='bbox 1777 2505 1911 2548; x_wconf 84' lang='lat' dir='ltr'>Noui.</span> <span class='ocrx_word' id='word_1_344' title='bbox 1932 2506 2051 2543; x_wconf 79' lang='lat' dir='ltr'>iuxta</span> <span class='ocrx_word' id='word_1_345' title='bbox 2085 2511 2117 2538; x_wconf 79' lang='lat'>⁴⁰</span> 
     </span>
     <span class='ocr_line' id='line_1_42' title="bbox 1877 2567 2051 2606; baseline -0.006 -10"><span class='ocrx_word' id='word_1_346' title='bbox 1877 2567 2051 2606; x_wconf 75' lang='lat' dir='ltr'>propria</span> 
     </span>
    </p>
   </div>
  </div>
 </body>
</html>
