2243 3225
374 205 451 243 350
747 197 1201 239 ASTRONOMIAE
1221 194 1643 235 INSTAURATAE

644 387 757 434 Quae
787 389 832 424 in
862 386 1065 424 Humero
1095 383 1213 421 Vrsae
1230 384 1237 427 1
1253 382 1456 420 Maxima
1532 381 1581 419 74

739 441 919 477 maioris
935 438 1114 476 Altitud.
1229 438 1236 479 Ι
1252 435 1444 473 Minima
1531 433 1582 472 22

642 492 870 539 Vtriusque
887 491 1132 529 differentia
1540 488 1582 525 51

643 546 854 583 Distantia
871 544 1015 583 Stellae
1032 556 1059 582 a
1074 542 1181 581 Polo
1531 540 1581 578 25
2051 553 2067 578 5

641 598 838 636 Altitudo
855 598 947 635 Poli
964 596 1142 644 quaefita
1530 593 1582 632 48

640 767 774 806 Sinin.
794 766 907 805 Crus
924 765 1041 803 Vrsae
1058 764 1143 802 Alt.
1228 739 1234 834 ι
1251 736 1454 828 fflffi‘iff?
1717 771 1727 807 ς
2037 741 2101 774 3⁶4

639 846 867 894 Vtriusque
884 844 1129 883 differentia
2053 854 2084 880 10

639 900 851 938 Distantia
867 898 1012 937 Stellae
1029 909 1055 936 a
1071 897 1177 935 Polo

639 953 838 991 Eleuatio
855 952 947 990 Poli

638 1122 751 1168 Quae
768 1122 823 1160 ad
840 1121 919 1159 Ilia
935 1119 1053 1158 Vrsae
1070 1131 1155 1158 ma.
1225 1093 1233 1189 ξ
1249 1092 1453 1183 ΰξῶἰὲἒ
1715 1179 1726 1185 -
2052 1156 2082 1182 ¹5

636 1201 866 1248 Vtriusque
883 1200 1128 1238 differentia
1716 1200 1722 1216 ¹

637 1255 849 1293 Distantia
865 1254 1010 1292 Stellae
1027 1265 1053 1291 a
1069 1252 1175 1291 Polo

635 1308 833 1346 Altitudo
850 1307 942 1345 Poli
959 1306 1138 1354 quaefita

636 1478 769 1516 Genu
786 1477 1022 1525 Cassiopeae
1039 1476 1124 1514 Alt.
1224 1452 1231 1545 =
1248 1448 1451 1540 fflffiiiirffg
2047 1467 2081 1493 ²⁰

635 1557 863 1605 Vtriusque
880 1556 1126 1594 differentia

635 1611 847 1649 Distantia
863 1610 1007 1649 Stellae
1024 1621 1050 1648 a
1067 1609 1173 1647 Polo

634 1664 831 1702 Altitudo
848 1664 940 1701 Poli
957 1662 1135 1711 quaefita

416 1796 477 1833 Ex
501 1795 567 1834 his
591 1796 795 1834 omnibus
816 1797 1007 1833 inuicem
1028 1795 1208 1838 collatis,
1233 1794 1447 1842 colligitur
1468 1794 1561 1832 Poli
1581 1793 1873 1832 Altitudinem
1894 1793 2007 1843 Geg·
2045 1806 2079 1832 25

359 1851 497 1897 gingae
519 1850 636 1897 apud
658 1849 896 1897 Augustam
915 1848 1258 1892 Vindelicorum,
1279 1847 1351 1885 vbi
1373 1847 1714 1886 obseruationes
1734 1847 1910 1891 fiebant.
1931 1848 2008 1886 esse

360 1909 464 1949 part.
482 1903 544 1941 48.
564 1902 588 1950 l.
606 1903 656 1940 22
672 1902 770 1940 satis
786 1902 972 1950 praecise.
991 1902 1110 1940 Nam
1127 1902 1245 1949 quod
1263 1901 1521 1940 Obseruatio
1538 1913 1614 1949 per
1629 1901 1823 1940 mediam
1837 1900 2007 1940 Caudae
2045 1908 2065 1939 τ

360 1956 476 1993 Vrsae
493 1959 683 1998 maioris,
701 1962 831 2003 atque
849 1955 1058 1993 sinistrum
1075 1957 1168 1993 eius
1186 1955 1300 1993 Crus
1317 1954 1539 2002 Genuque
1557 1954 1808 2002 Cassiopeae‚
1825 1954 2007 1993 dimidio

360 2011 528 2047 minuto
550 2012 691 2047 maior
712 2009 870 2051 euadit.
893 2009 938 2047 fit
958 2021 1034 2056 per
1052 2007 1371 2047 Refradtionem
1390 2008 1567 2046 illarum
1584 2007 1830 2051 Stellarum.
1852 2019 1941 2056 qua
1961 2010 2007 2046 in

360 2064 503 2100 citima
510 2063 750 2100 Altitudine
760 2063 987 2110 aliquanto
997 2062 1094 2110 plus
1105 2062 1426 2105 attollebantur,
1434 2061 1812 2109 quemadmodum
1819 2061 1929 2100 alias
1936 2061 2006 2100 de·
2044 2073 2078 2099 ³0

360 2115 546 2153 claratur
563 2128 615 2153 ex
631 2116 885 2154 Rationibus
899 2116 1080 2163 Opticis;
1099 2118 1143 2153 in
1160 2117 1326 2153 caeteris
1343 2115 1596 2153 insenfibilis
1613 2115 1667 2153 est
1683 2115 1981 2163 discrepantia.
1991 2111 2007 2165 ΙΙ

413 2169 586 2206 Addam
603 2181 778 2216 quoque
796 2169 962 2216 aliquot
978 2169 1228 2207 Affixarum
1245 2171 1366 2207 iuxta
1378 2169 1621 2207 Zodiacum
1633 2168 1899 2207 Altitudines
1911 2168 2006 2206 Me-
2030 2174 2093 2207 365

361 2221 562 2263 ridianas.
581 2223 735 2259 eodem
749 2222 1004 2268 Quadrante
1022 2229 1232 2270 acceptas.
1250 2234 1426 2270 vnaque
1444 2222 1774 2260 Declinationes
1791 2222 1892 2260 hinc
1909 2233 2005 2269 pro-

360 2277 596 2316 uenientes.
621 2275 870 2313 adhibendo
893 2288 914 2313 e
936 2276 1086 2313 nostris
1108 2276 1499 2314 Obseruationibus
1523 2276 1583 2313 illi
1605 2275 1812 2323 Tempori
1833 2286 2005 2323 compe-

359 2334 494 2365 tentes
513 2328 852 2369 Declinationes.
870 2336 910 2366 vt
929 2329 1119 2367 constare
1137 2330 1266 2377 possit.
1284 2329 1589 2376 Quadrantem
1606 2329 1730 2367 illurn
1746 2330 2005 2371 maximum,
2042 2340 2075 2365 ³5

359 2380 622 2418 Altitudines
646 2381 742 2419 satis
767 2389 880 2419 ratas
904 2383 1136 2429 praebuisse.
1161 2383 1198 2420 &
1223 2383 1277 2420 ab
1301 2385 1365 2430 ijs.
1391 2395 1500 2430 quas
1524 2382 1668 2430 postea
1691 2384 1736 2420 in
1758 2381 1840 2420 hac
1862 2381 2005 2420 Insula

360 2436 476 2471 varie
495 2434 699 2481 iustaeque
719 2435 1035 2482 Magnitudinis
1053 2434 1296 2474 fabrefadus
1314 2436 1502 2484 Organis
1518 2436 1728 2474 scrutatus
1744 2435 1849 2478 sum.
1866 2435 2004 2474 insen-

359 2486 528 2524 fibiliter
545 2487 844 2534 discrepantes

1604 2541 2005 2582 ALTITUDINES
