2243 3225
361 202 410 240 84
735 190 1189 233 ASTRONOMIAE
1210 187 1632 227 INSTAURATAE

361 316 505 354 gaeum
517 304 722 341 remotior
735 300 789 338 est
801 312 827 338 a
836 299 983 341 Terra,
997 308 1132 344 quam
1143 306 1279 343 prope
1289 294 1544 342 Perigaeum,
1557 293 1900 332 Semidiametris
1912 295 2005 332 eius

361 359 411 397 82
427 358 527 399 fere,
549 356 590 393 id
612 355 678 396 est.
699 352 942 391 miliaribus
961 350 1095 398 paulo
1112 349 1210 396 plus
1225 348 1495 395 septuaginta
1509 346 1699 385 milibus.
1721 346 1857 385 Distat
1873 348 2006 385 etiam

362 412 443 448 hoc
464 420 564 447 aeuo
586 413 782 445 centrum
803 405 1039 443 Eccentrici
1059 402 1173 441 Solis
1193 413 1219 440 a
1239 401 1388 444 Terra,
1409 401 1451 438 41
1471 399 1560 438 fere
1580 399 1681 438 sem.
1703 399 1741 437 ἀ
1760 399 2006 438 miliaribus

362 465 525 501 circiter
541 462 713 508 triginta
729 461 924 506 quinque
940 456 1146 499 millibus,
1162 454 1277 492 vnde
1293 465 1385 491 non
1401 455 1447 491 in
1462 464 1603 501 parua
1618 453 1942 501 intercapedine
1958 453 2005 491 il-

361 517 435 554 lud
451 515 682 556 remoueri,
699 512 768 550 sed
784 509 1106 558 propemodum
1122 508 1177 546 ad
1194 509 1418 555 proximas
1430 507 1569 545 Lunae
1581 506 1897 545 Reuolutiones
1912 517 2006 554 per-

360 572 522 616 tingere
544 566 787 613 (deficiente
808 564 958 602 saltem
974 559 989 612 ΙΙ
1005 564 1159 609 quinta
1178 567 1300 609 parte
1320 562 1452 598 totius
1472 559 1682 598 distantiae
1698 560 1754 598 ad
1771 559 1910 598 Lunae
1925 565 2006 598 ter·

361 624 505 660 minos
521 618 762 668 proximos)
778 616 1055 655 manifestum
1071 614 1229 653 euadit.

415 674 509 712 Nos
525 679 673 711 autem
689 672 744 709 ad
760 670 973 718 triplicem
984 680 1011 707 a
1021 668 1158 706 Terra
1169 667 1507 715 elongationem,
1523 672 1670 713 vtpote
1686 666 2008 705 remotissimam

362 730 474 765 circa
491 728 750 774 Apogaeum,
773 723 810 761 &
830 724 1081 771 proximam
1100 723 1223 759 iuxta
1238 720 1494 768 Perigaeum,
1515 719 1702 767 locaque
1722 718 1791 757 his
1806 721 2008 767 vtrinque

361 780 630 821 intermedia,
648 777 898 816 Parallaxes
910 775 1023 814 Solis
1035 775 1353 817 ordinauimus‚
1370 773 1501 821 idque
1513 771 1719 812 adiund'ta
1730 771 2008 812 Demonstra-

1346 828 1478 865 tionis
1493 825 1714 864 methodo.

1401 879 1451 917 In
1465 878 1659 928 appofita
1671 879 1841 928 Figura,
1858 878 1940 918 AC
1954 879 2010 918 est

1348 932 1679 972 Semidiameter
1685 932 1847 977 Terrae,
1858 932 1931 972 CF
1938 943 2009 971 ve-

1349 998 1398 1024 ro
1411 986 1692 1034 intercapedo
1704 985 1830 1030 Solis,
1846 987 1893 1024 in
1904 997 2010 1034 qua·

1348 1040 1555 1087 licunque
1565 1038 1763 1077 distantia
1771 1050 1794 1077 e
1800 1041 1936 1087 priori
1944 1051 2010 1078 ra-

1348 1095 1632 1131 tiocinatione
1642 1091 1848 1131 desumta.
1861 1092 1923 1132 Sit
1933 1094 2010 1132 ita-

1350 1158 1435 1194 que
1451 1145 1538 1190 Sol,
1561 1145 1749 1194 exempli
1765 1145 1906 1191 causa,
1927 1147 2010 1195 pri-

1349 1211 1474 1238 mum
1495 1201 1618 1238 iuxta
1641 1199 1675 1237 B
1698 1201 1744 1237 in
1765 1199 2011 1238 Horizonte

1350 1253 1452 1301 ipso,
1463 1255 1568 1301 quia
1576 1252 1869 1301 inTriangulo
1878 1252 2011 1297 ΑΒΕ,

1350 1307 1478 1345 datur
1507 1306 1586 1345 BC
1616 1305 1815 1345 distantia
1843 1305 1956 1345 Solis
1985 1317 2013 1345 a

1350 1359 1499 1398 Terrae
1520 1365 1668 1398 centro
1689 1361 1735 1398 in
1755 1365 1872 1398 certa
1891 1371 2011 1398 men-

1350 1413 1460 1457 sura,
1477 1413 1548 1451 vel
1563 1415 1609 1451 in
1627 1415 1722 1451 eius
1741 1412 2011 1452 semidiame-

1351 1468 1438 1511 tris‚
1452 1478 1642 1515 quarum
1652 1466 1853 1505 videlicet
1863 1466 1946 1506 AC
1958 1466 2014 1505 est

1351 1532 1452 1568 pars
1463 1532 1552 1559 vna
1569 1520 1687 1568 (quae
1701 1520 2014 1559 commodioris

1352 1575 1620 1622 operationis
1631 1575 1781 1622 gratia,
1795 1573 1929 1622 potest
1939 1573 2012 1612 ad-

1352 1627 1451 1665 ditis
1475 1629 1622 1675 quinis
1648 1626 1838 1676 Cyphris
1864 1627 2014 1666 assumi

1353 1680 1513 1725 100000,
1533 1679 1571 1718 &
1590 1680 1670 1719 BC
1685 1680 1866 1719 totidem
1882 1683 2015 1720 etiam

1352 1734 1542 1780 dilatari)
1551 1733 1588 1771 &
1595 1734 2015 1783 quoniamAngulus

367 1794 421 1831 ad
439 1792 475 1831 C
493 1792 547 1830 est
564 1790 730 1833 Rectus.
752 1802 843 1829 non
863 1792 1054 1839 ignorari
1075 1791 1232 1837 poterit
1253 1790 1288 1826 is
1309 1788 1363 1826 ad
1386 1787 1432 1830 B,
1454 1789 1529 1835 qui
1550 1787 1802 1826 Parallaxin
1820 1789 1867 1826 in
1882 1787 2015 1826 Hori·

367 1852 493 1884 zonte
510 1847 752 1883 maximam
768 1847 956 1882 metitur.
974 1843 1111 1882 Haud
1128 1842 1252 1881 aliter
1266 1841 1366 1880 Sole
1383 1841 1557 1879 eleuato
1573 1843 1619 1879 in
1631 1840 1810 1879 Circulo
1821 1841 2015 1880 verticali

367 1900 421 1938 ad
435 1899 488 1942 D,
506 1902 551 1937 in
568 1904 683 1937 certa
700 1898 850 1945 aliqua
862 1897 1117 1940 Altitudine‚
1135 1898 1239 1944 quia
1256 1898 1300 1933 in
1312 1894 1553 1943 Triangulo
1565 1894 1692 1933 ADC
1709 1894 1869 1933 constat
1883 1894 2017 1934 Latus

368 1953 449 1991 CD
467 1954 650 1990 remotio
671 1953 713 1996 Θ
734 1964 760 1990 a
776 1951 924 1993 Terra.
942 1951 980 1989 &
991 1950 1073 1988 AC
1085 1949 1417 1988 Semidiameter
1428 1948 1588 1990 Terrae.
1605 1954 1648 1985 vt
1664 1949 1797 1996 prius,
1813 1948 2017 1997 Angulus

368 2018 472 2044 vero
486 2005 611 2044 CAD
625 2017 646 2043 e
659 2004 968 2053 praesuppofita
980 2003 1223 2041 Altitudine
1236 2002 1361 2044 Solis.
1379 2001 1434 2040 en
1450 2004 1569 2040 enim
1585 2001 1795 2040 distantiae
1807 2013 1833 2040 a
1844 2003 2016 2046 vertice,

368 2071 467 2107 quae
481 2060 580 2097 inde
594 2061 759 2097 eruitur
772 2058 1160 2106 Complementum
1173 2056 1227 2094 ad
1240 2056 1352 2094 duos
1364 2053 1532 2093 Reclos:
1550 2055 1742 2103 Ideoque
1754 2055 1915 2103 patebit
1926 2056 2016 2094 An-

368 2113 494 2160 gulus
506 2112 632 2150 ADC
646 2112 894 2150 Parallaxin
910 2113 953 2156 (D
968 2111 1043 2149 tali
1056 2110 1294 2148 eleuationi
1307 2115 1619 2157 congruentem
1632 2108 1856 2147 exhibens.
1871 2109 2016 2157 Atque

369 2166 450 2204 hac
472 2168 639 2204 ratione
661 2165 912 2203 Parallaxes
933 2167 1027 2202 eius
1048 2164 1103 2202 ad
1126 2163 1314 2211 fingulos
1337 2162 1497 2211 gradus
1517 2161 1785 2204 Altitudinis.
1808 2162 1862 2201 ab
1884 2162 2017 2201 Hori-

369 2226 496 2257 zonte
522 2219 575 2256 ad
603 2221 820 2260 verticem,
847 2220 1044 2255 numeris
1068 2216 1366 2258 subduximus.
1397 2216 1528 2263 idque
1555 2216 1610 2254 ad
1635 2215 1847 2263 triplicem
1873 2217 1967 2254 eius
1991 2226 2018 2254 a

369 2272 513 2310 Terris
525 2272 768 2310 distantiam
781 2272 840 2317 (vt
853 2271 980 2319 supra
992 2270 1097 2316 dixi)
1110 2272 1366 2311 maximam,
1383 2269 1575 2307 mediam
1588 2268 1625 2306 ἀ
1637 2271 1881 2307 minimam.
1899 2269 2018 2308 Nam

369 2326 464 2363 licet
482 2325 708 2363 discrimen
726 2325 769 2362 sit
787 2326 1085 2372 perexiguum.
1103 2330 1247 2371 vtpote
1261 2323 1379 2370 quod
1391 2322 1460 2360 vel
1472 2325 1516 2360 in
1529 2322 1619 2370 ipso
1632 2322 1891 2365 Horizonte.
1907 2324 2018 2361 inter

370 2379 689 2416 remotissimam
701 2378 737 2416 &
748 2380 995 2426 proximam
1008 2377 1391 2424 intercapedinem.
1401 2378 1530 2414 vnius
1542 2378 1699 2414 minuti
1711 2378 1911 2423 quintam
1922 2387 2018 2424 par·

370 2439 456 2470 tem
474 2434 544 2469 vix
562 2432 756 2469 excedat:
779 2431 947 2469 Tamen
965 2437 1007 2468 vt
1023 2431 1282 2468 accuratiori
1301 2429 1620 2471 Obseruationi.
1639 2441 1740 2477 quae
1756 2440 1833 2477 per
1849 2431 2019 2468 maiora

371 2485 407 2523 &
419 2485 681 2523 absolutiora
692 2485 990 2525 Instrumenta.
1004 2483 1152 2531 qualia
1165 2494 1254 2520 non
1268 2494 1408 2529 pauca
1419 2485 1463 2520 in
1476 2489 1650 2530 promtu
1664 2483 1891 2525 habemus.
1904 2482 2018 2521 satis-

1926 2535 2019 2574 fieri

2051 1050 2080 1076 1⁵
