2243 3225
405 210 473 247 120
779 204 1233 244 ASTRONOMIAE
1254 203 1677 242 INSTAURATAE

455 313 605 351 VBET
616 312 788 359 insuper
798 323 820 349 e
831 311 984 355 nostra,
997 313 1117 358 prius
1127 310 1329 353 indicata,
1342 309 1570 357 hypothesi
1579 310 1918 358 Longitudinem
1932 311 1961 356 ))
1973 323 2049 359 per
2068 319 2138 352 025

507 367 735 404 ratiocinia
750 364 1104 411 Triangulorum‚
1126 362 1286 410 absque
1306 362 1466 400 tabulis
1481 362 1935 411 Prosthaphaerefium,
1956 375 2049 411 per-

405 419 620 466 vestigare,
638 423 683 455 ut
700 417 1011 455 concordantia
1027 422 1183 463 pateat.
1200 416 1467 454 Assumendo
1483 417 1631 463 itaque
1644 418 1837 464 priorem
1851 416 2050 456 obserua-

405 475 580 515 tionem,
602 469 772 514 saetam,
794 476 840 508 ut
861 470 962 513 dixi,
983 471 1118 507 Anno
1139 469 1246 513 1587,
1267 468 1447 516 Augusti
1469 469 1553 507 Die
1575 469 1628 507 18.
1647 469 1705 507 H.
1722 470 1758 508 7.
1776 469 1840 508 M.
1857 470 1920 508 25.
1938 481 1976 509 a.
1993 482 2049 509 m.

404 528 689 562 innotuerunt
708 525 801 571 jam
822 529 952 561 antea
973 522 1110 570 Medij
1134 527 1279 559 motus
1301 533 1323 559 e
1344 522 1515 560 tabulis.
1539 522 1600 561 Sit
1623 524 1770 570 itaque
1791 525 1837 560 in
1857 523 2051 571 apposita
2103 538 2119 564 ⁵

406 577 713 615 Delineatione
733 576 975 614 Anomalia
998 576 1027 620 ))
1047 575 1195 613 media
1215 574 1340 612 DEF
1360 576 1386 612 1.
1404 574 1444 613 S.
1466 576 1520 613 15.
1537 575 1580 613 P.
1603 575 1665 614 37.
1685 574 1710 623 l.
1731 576 1794 614 29.
1814 574 1857 624 ll.
1880 575 1966 615 Cui
1987 588 2051 621 ea,

405 642 505 678 quae
521 632 567 667 in
584 629 787 677 Epicyclo
803 631 945 676 primo
962 629 1016 666 ab
1032 639 1214 676 apoge0,
1236 633 1283 665 ut
1303 634 1434 666 antea
1454 630 1501 666 in
1517 629 1807 676 explicatione
1824 629 2051 678 Hypothe·

405 684 497 721 seos
518 681 679 721 dic'tum
701 682 767 725 est,
789 682 973 729 aequalis
991 681 1100 725 GH,
1122 681 1257 728 usque
1278 681 1334 719 ad
1354 681 1569 719 Centrum
1590 682 1781 730 Epicycli
1801 682 1978 721 secundi
1992 682 2051 721 H.

406 736 571 775 Eadem
592 735 816 773 anomalia
837 735 1017 783 duplata
1036 734 1072 772 3.
1091 734 1130 772 S.
1149 735 1175 772 l.
1193 734 1235 772 P.
1254 735 1306 772 14.
1326 732 1351 781 l.
1369 734 1431 773 58.
1451 733 1494 782 ll.
1512 741 1769 773 numeretur
1788 735 1843 774 ab
1865 735 1908 774 N
1929 737 1975 774 in
1994 735 2052 774 se-

407 790 550 827 cundo
568 789 771 837 Epicyclo
790 800 866 835 per
882 788 913 825 P
929 787 1064 835 usque
1080 789 1127 825 in
1142 787 1290 825 locum
1309 788 1338 832 )>
1354 787 1402 831 T,
1424 788 1696 836 ducaturque
1717 788 1835 827 linea
1850 788 1937 827 TF.
1959 788 2053 828 Iam
2091 803 2121 829 ιο

405 845 451 880 in
462 842 701 889 Triangulo
718 841 1033 889 obliquangulo
1044 840 1173 878 THF
1189 841 1349 879 dantur
1364 841 1453 879 duo
1469 841 1608 879 latera
1618 841 1720 886 TH,
1736 841 2054 881 semidiameter

407 895 596 943 Epicycli
618 895 792 932 secundi
815 894 931 939 2900,
956 900 995 932 et
1019 894 1105 932 HF
1127 893 1445 932 semidiameter
1466 894 1656 943 Epicycli
1677 897 1806 942 primi
1826 895 1943 940 5800,
1963 907 2054 934 una

407 960 507 986 cum
530 948 692 995 angulo
715 948 770 986 ab
793 947 861 985 his
885 950 1122 995 intercepto
1143 947 1285 991 THF,
1310 950 1385 994 qui
1408 947 1463 985 est
1485 947 1575 995 ipsa
1598 948 1840 987 Anomalia
1861 948 2052 997 duplata.

406 1001 625 1039 Prodeunt
646 1003 773 1048 igitur
793 1013 869 1048 per
890 1000 1182 1039 demonstrata
1200 1000 1556 1048 Triangulorum.
1580 1001 1768 1050 angulus
1783 1001 1912 1040 TFH
1930 1001 1993 1040 26.
2010 1001 2053 1040 P.

407 1055 459 1093 18.
474 1053 499 1102 l.
512 1054 575 1092 43.
590 1052 633 1101 ll.
651 1054 689 1092 8(
705 1054 819 1092 latus
830 1054 905 1091 TF
916 1054 1023 1092 6541.
1041 1053 1215 1092 Deinde
1231 1056 1277 1092 in
1293 1054 1431 1092 altero
1444 1053 1685 1103 Triangulo
1701 1054 1821 1094 TFC
1837 1055 1966 1094 datur
1979 1055 2055 1093 TF
2094 1069 2123 1094 15

406 1108 524 1145 linea
546 1107 679 1145 modo
702 1109 881 1145 inventa
904 1107 1012 1151 6541,
1037 1106 1074 1145 &
1097 1107 1174 1146 FC
1197 1107 1323 1151 latus,
1350 1108 1498 1146 radius
1522 1108 1760 1146 Eccentrici
1783 1108 1943 1153 100000,
1966 1120 2057 1147 una

408 1172 507 1199 cum
524 1160 686 1208 angulo
703 1160 1017 1208 comprehenso
1033 1160 1166 1205 TFC,
1184 1162 1260 1208 qui
1277 1160 1332 1198 est
1347 1160 1427 1199 108.
1445 1160 1487 1199 P.
1504 1161 1541 1199 3.
1560 1160 1585 1209 l.
1603 1161 1666 1200 49.
1685 1160 1728 1209 ll.
1747 1161 2056 1209 Complemen-

406 1220 499 1252 tum
520 1216 730 1251 nimirum
750 1214 989 1252 anomaliae
1012 1213 1214 1262 simplicis
1237 1214 1400 1262 angulo
1422 1214 1551 1252 HFT
1570 1217 1805 1252 minutum.
1830 1214 2058 1254 Innotescit

407 1269 534 1315 igitur
556 1278 632 1314 per
656 1266 891 1305 Calculum
913 1267 1102 1315 angulus
1124 1267 1257 1311 TCF,
1281 1267 1666 1315 Prosthaphaerefis
1689 1268 1934 1316 Epicyclica
1956 1268 1992 1307 3.
2013 1268 2056 1306 Ρ.

407 1321 469 1358 29.
484 1319 509 1364 Ι.
523 1321 575 1358 16.
590 1319 634 1367 ll,
652 1332 742 1358 una
758 1332 859 1358 cum
874 1320 1008 1358 latere
1026 1320 1327 1369 Elongationis
1343 1320 1424 1359 CT
1440 1321 1591 1359 102217.
1611 1321 1791 1359 Medius
1810 1323 1854 1366 (D
1873 1321 2058 1360 addatur
2093 1334 2126 1360 20

408 1373 689 1421 Longitudini
708 1374 736 1418 D
754 1385 781 1412 a
800 1375 859 1418 O,
876 1379 923 1412 ut
939 1373 1155 1412 habeatur
1170 1373 1350 1422 fimplex
1369 1374 1398 1418 D
1415 1374 1470 1412 ab
1487 1373 1753 1422 aequinoc‘tio
1770 1375 1806 1413 3.
1819 1375 1859 1414 S.
1877 1376 1904 1413 l.
1917 1374 1960 1413 P.
1976 1375 2013 1414 3.
2032 1373 2057 1423 Ι.

407 1427 469 1464 34.
489 1425 532 1475 ll.
554 1427 623 1464 Ab
644 1427 727 1465 hoc
747 1427 1025 1465 subtrahatur
1041 1427 1425 1475 Prosthaphaerefis
1442 1427 1687 1476 Epicyclica
1702 1428 1739 1466 3.
1756 1428 1799 1466 P.
1816 1428 1880 1467 29.
1898 1427 1924 1476 l.
1942 1428 1995 1467 16.
2014 1426 2057 1476 ll.

409 1480 445 1518 8(
462 1486 658 1518 remanet
675 1480 921 1528 Longitudo
938 1487 1169 1528 coaequata
1184 1481 1220 1519 2.
1234 1480 1274 1519 S.
1291 1481 1354 1519 27.
1367 1481 1410 1518 P.
1427 1481 1490 1519 34.
1506 1479 1531 1528 l.
1549 1481 1602 1520 18.
1622 1479 1665 1529 ll.
1683 1481 1850 1519 Eadem
1866 1481 2058 1520 Prostha-

408 1533 612 1580 phaerefis
633 1533 857 1572 auferatur
877 1534 1128 1578 anomaliae,
1151 1540 1197 1572 ut
1218 1534 1257 1572 &
1277 1534 1373 1572 haec
1394 1541 1625 1582 coaequata
1646 1535 1806 1573 euadat
1822 1534 1953 1573 TCD
1974 1536 2001 1573 l.
2018 1534 2058 1574 S.

409 1587 461 1624 12.
479 1587 521 1624 Ρ.
539 1587 575 1625 8.
594 1585 619 1634 l.
638 1587 690 1625 13.
710 1586 752 1634 ll.
776 1587 949 1625 Deinde
970 1599 997 1626 a
1018 1588 1309 1635 Longitudine
1334 1588 1362 1632 D
1385 1594 1614 1635 coaequata
1636 1587 1913 1626 subtrahatur
1930 1599 2059 1627 verus
2095 1600 2127 1626 25

409 1640 530 1678 locus
550 1641 609 1684 O,
627 1640 665 1677 &
681 1646 878 1679 remanet
895 1640 1109 1679 Distantia
1126 1641 1436 1679 Luminarium
1447 1641 1483 1679 9.
1497 1641 1536 1679 S.
1550 1641 1612 1680 23.
1626 1641 1668 1679 P.
1682 1641 1745 1680 29.
1759 1640 1785 1689 l.
1798 1642 1834 1680 6.
1849 1640 1892 1690 ll.
1910 1641 2059 1690 Hujus

409 1693 593 1740 duplum
610 1694 644 1731 7.
658 1693 698 1732 S.
712 1694 765 1731 16.
778 1694 821 1732 Ρ.
834 1694 896 1732 58.
912 1693 1003 1742 l.12.
1019 1693 1061 1742 ss.
1080 1697 1125 1732 in
1141 1706 1279 1742 parvo
1296 1694 1469 1732 circello
1486 1706 1620 1742 prope
1636 1694 1820 1733 Terram
1836 1694 2058 1739 fitALIC.

409 1746 540 1794 vsque
557 1747 612 1785 ad
629 1746 843 1785 Centrum
861 1748 1097 1786 Eccentrici
1110 1748 1159 1786 C.
1178 1746 1511 1786 Connedtantur
1523 1748 1602 1786 CB
1616 1747 1653 1786 8(
1666 1747 1765 1791 CA.
1782 1748 2060 1787 constituetur

409 1800 698 1848 Triangulum
715 1800 842 1839 CBA
859 1804 1170 1849 aequicrurum,
1188 1803 1312 1850 cujus
1329 1801 1517 1849 angulus
1534 1804 1721 1840 exterior
1734 1801 1838 1840 CBI
1850 1808 1981 1840 notus
1992 1801 2059 1846 ess,

411 1853 596 1891 excessus
613 1856 823 1892 nimirum
839 1855 1024 1902 duplicis
1041 1854 1251 1893 distantiae
1268 1855 1578 1893 Luminarium
1594 1855 1722 1903 supra
1741 1854 2060 1894 semicirculum
2095 1866 2128 1892 ³⁰

410 1906 472 1944 46.
495 1906 536 1943 P.
559 1906 621 1945 58.
646 1906 670 1954 l.
694 1907 746 1945 12.
770 1906 814 1955 ll.
842 1907 984 1956 Cujus
1007 1908 1238 1946 dimidium
1262 1907 1317 1946 eft
1339 1908 1466 1946 BAC
1488 1908 1550 1946 23.
1573 1908 1615 1946 P.
1638 1909 1701 1947 29.
1725 1907 1750 1956 l.
1773 1908 1808 1947 6.
1832 1907 1876 1956 ll.
1899 1919 1976 1956 per
1997 1907 2059 1947 20.

412 1959 469 1996 III
486 1959 689 2003 Euclidis.
712 1961 900 2009 angulus
921 1961 1122 2000 secundae
1144 1963 1408 2009 aequationis
1427 1962 1693 2004 Anomaliae.
1715 1964 1785 2000 cui
1806 1961 1992 2010 aequalis
2007 1960 2061 2000 ess

412 2013 539 2050 ECD
561 2025 636 2060 per
657 2014 708 2052 28
729 2014 744 2051 I
768 2014 886 2052 Eucl.
908 2014 1227 2053 subtrahendus
1248 2015 1302 2053 ab
1324 2014 1413 2062 ipsa
1434 2017 1554 2062 prius
1576 2021 1807 2062 coaequata
1823 2014 2061 2053 Anomalia

411 2065 553 2107 TCD.
575 2066 611 2103 8(
632 2074 827 2105 remanet
844 2068 1085 2106 Anomalia
1105 2068 1295 2106 secundo
1316 2074 1546 2116 coaequata
1562 2068 1685 2107 TCE
1707 2068 1760 2107 18.
1778 2068 1820 2106 P.
1838 2068 1901 2107 39.
1920 2066 1946 2116 Ι.
1963 2068 1999 2107 7.
2017 2066 2059 2116 ΙΙ.

412 2131 511 2166 quae
534 2119 744 2158 subtracta
766 2121 819 2158 ab
841 2121 1123 2163 semicirculo.
1146 2122 1351 2169 relinquit
1373 2123 1625 2160 interiorem
1642 2121 1770 2160 TCA
1792 2121 1863 2160 161.
1885 2121 1928 2160 Ρ.
1949 2121 2012 2160 20.
2035 2119 2060 2169 Ι.
2096 2131 2128 2158 ³⁵

411 2172 473 2209 53.
489 2171 531 2219 ll.
551 2172 682 2210 Latus
694 2180 842 2211 autem
855 2174 935 2212 CA
949 2175 1286 2213 Eccentricitatis
1299 2175 1382 2213 hoc
1394 2175 1528 2213 modo
1541 2175 1829 2223 investigatur.
1843 2174 1924 2213 CA
1936 2185 2062 2213 arcus

413 2227 457 2262 in
483 2236 619 2272 parvo
646 2227 818 2265 circello
840 2239 974 2275 prope
995 2235 1156 2266 terram
1177 2228 1232 2266 est
1253 2228 1332 2266 133.
1356 2228 1398 2266 Ρ.
1422 2229 1447 2266 1.
1471 2227 1496 2276 l.
1520 2229 1582 2267 48.
1604 2228 1647 2275 ll.
1675 2228 2062 2276 Complementum

413 2278 610 2316 videlicet
636 2291 752 2317 verae
778 2280 988 2318 distantiae
1015 2282 1324 2320 Luminarium
1350 2281 1484 2328 usque
1510 2282 1565 2320 ad
1592 2284 1808 2330 integrum
1834 2281 2060 2320 circulum:

415 2331 518 2378 EJ'us
537 2331 732 2370 subtensa
750 2333 803 2370 est
821 2334 918 2376 CA.
936 2334 1104 2372 semissis
1122 2347 1249 2372 arcus
1266 2335 1351 2372 CA
1369 2335 1423 2372 est
1442 2335 1523 2373 CV
1540 2335 1602 2373 66.
1621 2335 1663 2372 Ρ.
1681 2335 1743 2373 30.
1763 2334 1788 2382 l.
1806 2336 1868 2374 54.
1888 2333 1931 2382 ΙΙ.
1948 2333 2062 2373 finus

414 2383 552 2422 reclus
574 2385 658 2423 CX
680 2387 857 2424 9171634.
881 2387 1045 2434 Itaque.
1068 2395 1111 2425 ut
1131 2389 1292 2426 Radius
1310 2389 1364 2425 ad
1383 2388 1499 2426 hunc
1522 2388 1674 2431 finum.
1697 2388 1749 2426 fic
1767 2387 1846 2427 CB
1868 2387 2060 2426 semidia-
2096 2396 2129 2423 ω

414 2444 548 2475 meter
570 2441 691 2485 parvi
714 2441 861 2477 circuli
883 2441 990 2482 2174,
1013 2442 1067 2479 ad
1086 2441 1171 2479 CX
1193 2441 1298 2482 1994.
1321 2442 1505 2488 duplum
1528 2441 1661 2490 hujus
1683 2441 1788 2480 3988
1808 2441 1862 2480 ess
1879 2441 1965 2480 CA
1987 2440 2061 2479 Ec·

413 2493 655 2528 centricitas
673 2494 715 2529 in
734 2489 748 2541 ΙΙ
766 2493 913 2540 ijsdem
931 2495 1138 2540 partibus,
1157 2506 1346 2542 quarum
1365 2494 1445 2531 BA
1464 2494 1517 2532 est
1535 2495 1641 2533 2174.
1663 2495 1712 2532 In
1729 2494 1812 2532 hoc
1829 2497 1956 2543 igitur
1971 2493 2060 2532 Tri·
2079 2495 2147 2530 οὔ

1901 2546 2062 2595 angulo
