2164 3246
406 211 1064 251 PROGYMNASMATUM
1086 211 1392 251 SECUNDA
1414 213 1564 251 PARS
1735 213 1811 250 405

169 322 352 361 cidente:
379 318 639 357 Exhibuisset
660 320 778 356 enim
799 323 901 356 tunc
922 318 1211 356 Altitudinem
1233 322 1474 357 maximam
1497 325 1603 367 part.
1622 319 1686 366 76.
1711 317 1735 365 l.
1758 319 1811 361 19,

169 376 207 414 &
226 376 458 413 minimam
477 377 584 419 part.
607 371 660 410 19.
684 369 709 419 Ι.
731 372 754 410 7
775 374 986 419 proxime.
1009 371 1212 418 Quorum
1233 372 1477 410 differentia
1499 372 1553 410 est
1574 373 1615 410 P.
1633 373 1695 410 57.
1715 371 1739 419 l.
1758 372 1810 410 12.

169 429 345 467 Horum
365 425 597 464 dimidium
618 430 725 473 part.
742 425 805 463 28.
822 427 927 462 min.
945 425 1007 468 36,
1029 426 1225 463 additum
1246 428 1442 463 minimae
1460 426 1690 463 Altitudini
1712 425 1811 463 visae

169 481 424 530 produceret
440 478 533 517 Poli
549 478 839 516 Altitudinem
860 484 966 526 part.
985 479 1046 516 47.
1066 477 1090 525 Ι.
1108 479 1170 521 43,
1193 480 1217 516 a
1239 491 1342 517 vera
1362 491 1438 526 per
1455 479 1610 517 Stellas
1630 481 1810 516 circum-

116 550 132 576 5
168 534 340 584 polares
359 533 661 581 saepenumero
683 531 923 579 conquifita
940 531 965 579 l.
982 532 1032 570 39
1051 532 1198 575 ferme,
1220 544 1296 579 per
1317 533 1426 570 duas
1447 532 1644 569 videlicet
1665 534 1810 570 tertias

168 590 296 627 vnius
320 586 492 635 gradus,
517 584 809 623 deficientem:
840 585 958 632 quod
984 585 1084 623 sane
1110 597 1186 633 per
1212 586 1547 623 Instrumentum
1573 585 1810 623 discernere

168 653 259 681 non
273 640 461 689 potuisse,
478 641 609 677 nimis
625 640 824 686 ineptum
840 638 985 682 fuisset,
1003 651 1102 676 cum
1120 651 1174 677 ne
1191 639 1368 686 quidem
1385 641 1561 676 vnicum
1578 641 1809 679 minutum.

168 697 213 734 in
228 694 312 733 hoc
327 692 756 733 animaduersionem
772 691 1090 740 subterfugeret.

220 747 486 787 Nullatenus
506 748 635 794 igitur
655 745 789 784 Stella
811 745 906 783 haec
927 748 1125 793 proxime
1147 745 1259 783 infra
1280 746 1477 783 Lunares
1498 745 1810 782 Reuolutiones

81 810 145 843 450
168 802 314 841 locum
334 800 574 844 adinuenit,
595 799 824 846 multoque
845 801 991 837 minus
1013 801 1058 837 in
1078 799 1206 847 plaga
1226 795 1410 848 ali—{lqua
1432 798 1575 836 adhuc
1591 798 1735 835 Terris
1751 799 1810 834 vi—

168 857 343 900 ciniore,
366 859 469 892 tunc
493 855 612 891 enim
634 855 777 891 maior
799 853 1028 900 contigisset
1049 852 1299 890 absurditas.
1325 852 1455 898 Quod
1477 854 1618 899 primo
1640 863 1692 888 ex
1714 851 1810 888 solis

168 908 311 948 Stenae
327 906 644 946 Altitudinibus
660 906 921 944 Meridianis
938 906 1158 944 ostendere
1175 905 1447 953 suscepimus.

220 961 357 1000 Haud
373 960 498 999 aliter
513 960 543 998 fi
558 960 614 999 ad
630 960 881 998 Maximam
897 959 1009 998 Solis
1026 972 1051 998 a
1066 960 1210 997 Terris
1231 961 1532 1001 remotionem,
1555 969 1689 1005 quam
1711 969 1809 995 con-

167 1015 378 1054 stituimus
393 1014 830 1053 Semidiametrorum
846 1013 1128 1051 Terrestrium
1144 1013 1241 1055 1182,
1263 1018 1393 1059 vtque
1415 1014 1459 1049 in
1479 1017 1598 1049 tanta
1615 1010 1810 1048 distantia

101 1084 132 1110 15
167 1080 285 1108 nunc
304 1073 499 1106 remotus
519 1067 784 1115 intelligatur
805 1066 1008 1105 Circulus
1029 1066 1212 1109 BCDE,
1235 1066 1490 1113 prouenisset
1511 1064 1712 1112 Angulus
1733 1064 1809 1101 Pa-

167 1122 385 1161 rallaxeos
404 1123 451 1159 in
469 1120 673 1169 suprema
692 1120 935 1158 Altitudine
957 1120 1078 1157 KFA
1102 1119 1126 1167 l.
1143 1120 1178 1157 0.
1203 1118 1245 1167 ll.
1265 1120 1318 1162 41,
1341 1120 1385 1156 in
1406 1118 1641 1156 decliuiore
1662 1123 1809 1155 autem

167 1178 288 1215 iuxta
299 1175 354 1220 G,
372 1173 398 1223 l.
410 1175 447 1213 2.
461 1173 505 1223 ΙΙ.
518 1174 581 1219 43,
598 1176 658 1212 113
673 1179 716 1212 ν1
732 1173 1018 1221 discrepantia
1034 1173 1242 1211 distantiae
1255 1172 1398 1210 Stellae
1415 1173 1441 1209 3
1457 1171 1562 1209 Polo
1579 1173 1623 1208 in
1640 1170 1808 1208 sublimi

167 1228 206 1268 81
224 1228 382 1268 humili
402 1228 643 1267 Meridiani
663 1227 742 1265 fitu
763 1228 991 1275 contigisset
1014 1225 1038 1274 l.
1060 1227 1096 1264 3.
1120 1225 1162 1274 ll.
1179 1226 1242 1268 24,
1263 1225 1292 1263 fi
1313 1235 1562 1263 conuexum
1585 1223 1713 1262 Orbis
1735 1223 1808 1261 So-

166 1282 269 1321 laris
284 1281 511 1326 obsedisset,
529 1293 630 1329 quae
646 1281 748 1319 sane
765 1280 1010 1319 differentia
1025 1280 1095 1318 etfi
1109 1291 1185 1327 per
1196 1279 1235 1316 se
1248 1291 1338 1316 non
1351 1279 1461 1316 adeo
1474 1288 1645 1325 magna,
1662 1283 1809 1314 tamen

97 1350 130 1376 20
166 1335 422 1383 Quadrante
444 1340 536 1373 tam
558 1337 734 1383 ingenti,
760 1334 858 1373 satis
884 1339 975 1372 erat
997 1333 1298 1381 perceptibilis,
1323 1332 1361 1369 &
1384 1332 1475 1369 Poli
1499 1331 1698 1368 Eleuatio
1721 1332 1809 1367 iam

165 1401 283 1428 nunc
298 1389 341 1428 P.
357 1388 421 1428 48.
440 1387 465 1437 l.
482 1388 534 1427 20
551 1388 822 1436 prouenisset,
844 1388 1015 1426 duobus
1036 1387 1170 1434 scrup.
1187 1397 1291 1424 vera
1307 1385 1547 1423 Altitudine
1565 1395 1640 1431 per
1656 1383 1810 1421 Stellas

165 1444 278 1481 circa
300 1442 492 1481 eundem
514 1442 740 1480 reuolutas
763 1443 946 1479 inuenta
968 1443 1124 1478 minor.
1149 1439 1263 1486 Quae
1287 1450 1429 1485 neque
1453 1449 1528 1485 per
1551 1437 1673 1474 istum
1691 1436 1808 1482 Qua-

165 1496 365 1535 drantem
381 1495 575 1545 diligenti
591 1495 888 1534 collimatione
905 1493 1028 1537 13613,
1046 1494 1179 1532 latere
1195 1493 1431 1540 potuissent.

217 1549 510 1598 Consequitur
525 1551 686 1597 itaque,
703 1560 758 1587 ne
776 1548 953 1596 quidem
970 1547 1087 1595 apud
1100 1547 1211 1585 Solis
1228 1546 1469 1584 altissimam
1486 1544 1808 1591 elongationem

96 1617 129 1644 2⁵
165 1603 344 1642 Stellam
358 1603 474 1642 hanc
491 1602 682 1641 constare
699 1602 887 1650 potuisse,
905 1607 947 1639 vt
964 1603 1077 1639 circa
1088 1600 1243 1638 Polum
1260 1599 1422 1646 aequali
1433 1598 1591 1644 vbique
1609 1596 1807 1634 reuolue-

164 1661 281 1696 retur
300 1656 511 1701 distantia,
533 1662 664 1704 atque
686 1655 874 1694 eandem
891 1654 1019 1702 ipsius
1036 1666 1136 1692 cum
1153 1651 1541 1699 circumpolaribus
1558 1650 1672 1687 Fixis
1690 1649 1807 1687 exhi-

163 1710 282 1749 beret
296 1709 616 1749 sublimitatem.
634 1710 746 1758 Ergo
763 1709 891 1757 longe
907 1711 1055 1746 minus
1071 1709 1116 1745 in
1132 1707 1274 1754 spacio
1287 1706 1376 1744 Soli
1388 1711 1517 1752 atque
1530 1704 1668 1741 Lunae
1681 1705 1807 1740 inter-

164 1769 301 1812 cepto,
321 1763 532 1812 nobisque
552 1763 698 1803 adhuc
718 1763 817 1811 plus
837 1764 1218 1810 appropinquante
1240 1759 1295 1797 ob
1315 1761 1528 1796 maiorem
1550 1763 1651 1794 tunc
1668 1756 1807 1794 subre-

164 1823 339 1866 pentem
355 1817 660 1861 diuerfitatem,
677 1817 755 1855 esse
771 1818 921 1864 potuit.

95 1884 129 1910 30
217 1870 347 1910 Circa
357 1871 535 1910 Saturni
547 1873 710 1909 extima
721 1881 935 1913 conuexa,
948 1868 1019 1906 etfi
1031 1868 1126 1906 haec
1139 1867 1498 1914 experimentatio
1510 1864 1565 1902 ad
1578 1865 1807 1900 minimam

163 1936 363 1973 peneque
383 1924 672 1964 insenfibilem
693 1923 984 1962 differentiam
1005 1922 1222 1962 deueniat,
1244 1926 1388 1967 vtpote
1405 1920 1477 1955 vix
1493 1919 1662 1955 tertiam
1679 1917 1807 1953 vnius

163 1980 321 2017 minuti
335 1984 505 2027 partem
521 1980 749 2026 attingens,
766 1982 959 2015 attamen
976 1975 1014 2013 &
1030 1974 1247 2013 tantillula
1261 1985 1336 2020 per
1349 1972 1684 2010 Instrumentum
1701 1969 1806 2006 illud

163 2034 421 2077 maximum,
442 2032 472 2070 fi
492 2034 637 2070 omnis
657 2042 758 2079 quae
780 2033 824 2068 in
846 2029 1118 2068 obseruando
1140 2027 1329 2075 praestari
1351 2026 1476 2073 posset
1494 2023 1712 2064 subtilitas,
1735 2023 1806 2060 ad-

163 2085 395 2130 hiberetur,
419 2085 717 2134 cognoscibilis
738 2082 1068 2131 quodammodo
1090 2087 1191 2119 erat.
1214 2081 1379 2117 Verum
1400 2090 1499 2116 cum
1521 2078 1562 2114 id
1583 2076 1679 2114 satis
1701 2072 1807 2124 eui-ss

76 2145 135 2177 451
163 2139 270 2178 dens
292 2139 504 2178 indicium
524 2150 615 2177 non
636 2138 887 2186 suppeditet,
911 2137 1137 2174 aduocatis
1160 2134 1245 2171 huc
1268 2133 1304 2170 &
1326 2132 1422 2180 alijs
1442 2130 1714 2176 Testimonijs
1739 2129 1806 2174 (de

163 2192 321 2240 quibus
332 2194 463 2231 antea
474 2192 681 2238 diximus)
695 2191 827 2229 Stella
838 2190 933 2228 haec
944 2189 1078 2226 Noua
1090 2191 1211 2225 iuxta
1223 2186 1415 2224 confinia
1427 2185 1606 2222 altissimi
1619 2183 1806 2221 Saturni.

163 2245 281 2285 sedes
296 2248 466 2294 quietas
481 2257 573 2284 non
589 2245 774 2293 possedit,
792 2243 829 2281 &
846 2242 990 2281 adhuc
1007 2244 1153 2279 minus
1169 2243 1215 2278 in
1231 2240 1501 2286 reliquorum
1514 2237 1702 2274 duorum
1716 2235 1806 2272 Pla-

164 2304 365 2338 netarum
380 2299 642 2342 Ambitibus‚
659 2298 761 2336 huic
779 2298 816 2335 &
833 2297 922 2335 Soli
940 2308 1018 2343 pro
1035 2297 1191 2332 maiori
1208 2300 1328 2341 parte
1346 2292 1603 2337 interceptis.

216 2352 496 2401 Quapropter
516 2364 617 2391 cum
638 2362 782 2399 neque
803 2352 848 2388 in
869 2350 1011 2397 spacio
1029 2350 1054 2385 3
1071 2349 1197 2386 Luna
1218 2349 1262 2384 in
1279 2346 1473 2386 Terram,
1495 2354 1637 2390 neque
1655 2343 1708 2380 ab
1726 2341 1806 2379 hac

95 2417 129 2443 ⁴0
164 2407 210 2444 in
225 2405 385 2450 Solem,
406 2412 481 2444 aut
502 2408 635 2444 etiam
655 2406 709 2443 ab
730 2404 806 2442 illo
823 2406 867 2441 in
884 2403 1059 2441 Saturni
1079 2402 1376 2448 supremitates
1393 2399 1538 2435 locum
1555 2403 1694 2434 tutum
1714 2395 1806 2432 haec

164 2458 297 2498 Stella
320 2459 516 2498 obtinere
541 2461 741 2506 potuerit,
772 2457 1002 2495 necessario
1028 2454 1314 2501 consequitur,
1346 2464 1443 2490 earn
1470 2453 1589 2488 iuxta
1615 2449 1805 2487 altissima

165 2510 347 2551 Odtauae
359 2512 555 2561 Sphaerae
568 2513 758 2550 Lumina
774 2513 1003 2548 immotam
1015 2508 1244 2547 constitisse.
1262 2505 1635 2553 quemadmodum
1649 2514 1699 2538 cx
1714 2503 1805 2561 eius

1694 2566 1803 2591 circa
