2248 3298
107 851 138 877 10

105 1118 136 1144 15

102 2207 136 2233 35

469 253 1128 294 PROGYMNASMATUM
1152 255 1354 294 PRIMA
1377 257 1528 296 PARS
1786 259 1826 297 15

176 366 215 400 et
235 362 370 399 centri
391 360 583 398 eiusdem
600 360 730 399 Orbis
746 373 772 399 a
789 367 937 399 centro
953 361 1102 400 Terrae
1123 362 1379 407 distantiam,
1402 375 1502 411 quae
1523 364 1827 402 Eccentricitas

175 415 342 458 dicitur,
368 426 391 452 e
416 415 603 462 proprijs
627 413 866 462 ijsdemque
890 417 1015 452 certis
1038 417 1084 453 in
1109 415 1251 454 Solari
1275 416 1399 454 cursu
1423 417 1826 462 obseruationibus,

174 467 577 516 peruestigabimus;
603 467 646 505 id
672 469 791 505 enim
816 474 916 506 ante
943 470 1095 506 omnia
1119 470 1350 507 necessario
1375 473 1620 517 requiritur.
1648 471 1827 509 Moueri

175 527 324 560 autem
343 521 492 559 Solem
512 532 681 565 reuera,
702 523 748 558 in
769 521 886 559 Orbe
908 521 1058 568 aliquo
1080 523 1135 560 ad
1154 522 1311 561 Terras
1333 526 1585 567 eccentrico,
1607 527 1666 562 ita
1687 532 1729 563 vt
1751 525 1826 563 ali-

175 575 354 623 quando
369 576 560 622 propior,
577 574 819 622 aliquando
836 577 1044 613 remotior
1060 575 1186 613 nobis
1203 577 1420 618 reddatur.
1437 589 1528 615 non
1545 578 1684 615 solum
1698 579 1826 616 tardi-

173 634 239 667 tas
254 633 400 666 motus
416 627 564 672 aestiui,
582 628 620 666 &
637 627 834 666 celeritas
850 627 1048 676 hyberni,
1066 629 1119 666 de
1136 630 1296 676 quibus
1308 631 1525 668 nonnulla
1538 632 1740 675 diximus,
1757 632 1827 670 sed

174 684 318 726 etiam,
342 681 461 729 quod
483 683 626 719 maior
648 681 976 728 aliquantulum
999 684 1121 720 iuxta
1143 682 1398 730 Perigaeum,
1424 695 1557 731 quam
1579 685 1827 733 Apogaeum

174 734 366 774 eiusdem
376 735 518 779 OrbiS,
526 734 701 773 vifibilis
711 736 804 772 eius
814 735 1026 773 diameter
1037 742 1201 774 attenta
1213 737 1593 775 animaduersione
1605 745 1825 785 appareat,

173 800 267 827 rem
274 800 367 827 non
376 788 500 827 aliter
508 788 549 826 se
559 788 722 826 habere
732 788 830 826 fatis
840 790 1079 826 conuincit:
1093 789 1189 836 ipfis
1200 791 1333 827 etiam
1343 790 1591 837 Eclipfibus,
1604 803 1695 829 non
1706 792 1826 829 dubi-

174 854 250 881 um
265 841 368 881 huic
384 842 597 881 assertioni
612 841 851 880 ferentibus
862 841 1168 880 testimonium.
1186 842 1219 880 F
1221 844 1403 881 acessant
1415 845 1562 891 itaque
1573 845 1826 883 Homocen-

173 898 382 935 tricorum
394 896 582 935 Orbium
598 897 730 933 nimis
745 907 823 943 per
837 895 878 933 se
890 895 1200 939 violentorum,
1218 898 1338 934 irrito
1353 899 1587 935 conamine
1601 897 1825 936 effictores.

225 949 281 987 Vt
300 954 450 988 autem
465 950 652 997 Apogaei
672 948 806 987 huius
825 949 863 987 &
882 949 1221 987 Eccentricitatis
1242 950 1461 997 inquisitio
1482 953 1560 989 rite
1581 958 1824 999 peragatur,

173 1008 274 1042 ante
297 1005 449 1041 omnia
469 1014 581 1051 opus
604 1004 683 1041 erit
704 1002 942 1050 [implicem
963 1002 1076 1041 Solis
1096 1003 1306 1041 diurnum
1328 1010 1499 1042 motum
1522 1005 1726 1049 constare,
1751 1008 1826 1053 qui

173 1062 322 1095 tamen
337 1068 429 1095 non
439 1056 619 1104 praecisa
629 1056 859 1094 subtilitate
871 1058 1069 1104 cognitus
1081 1056 1164 1095 hoc
1176 1056 1274 1095 loco
1286 1060 1532 1104 requiritur.
1550 1059 1825 1097 Assumemus

173 1112 320 1158 itaque
340 1112 448 1149 anni
467 1109 644 1158 Tropici
663 1110 1014 1158 magnitudinem
1035 1110 1223 1148 Dierum
1243 1110 1333 1149 365.
1355 1111 1413 1148 H.
1434 1112 1469 1149 5.
1492 1111 1555 1149 Μ.
1575 1112 1637 1155 49,
1660 1119 1825 1159 quanta

171 1165 371 1212 proxime
381 1163 550 1202 collatis
560 1162 778 1202 artificum
787 1163 966 1201 diutinis
976 1163 1433 1202 animaduerfionibus
1443 1167 1655 1212 reperitur
1664 1178 1671 1209 ;
1682 1178 1825 1213 neque

172 1219 292 1256 enim
307 1216 363 1256 ob
379 1217 704 1265 aliquantulam
719 1217 1081 1264 inaequalitatem,
1099 1219 1169 1255 cui
1181 1217 1235 1255 ab
1248 1217 1345 1266 alijs
1357 1224 1488 1266 atque
1501 1218 1599 1267 alijs
1612 1219 1825 1258 Obserua-

172 1271 351 1316 toribus‚
367 1270 606 1319 praesertim
620 1282 727 1309 vero
743 1270 798 1309 ab
814 1272 979 1319 ingenti
992 1270 1069 1308 illo
1086 1270 1428 1310 COPERNICO
1446 1272 1639 1310 obnoxia
1656 1273 1732 1310 esse
1748 1273 1823 1311 sta-

172 1326 318 1370 tuitur,
334 1326 395 1363 ita
405 1330 450 1363 vt
464 1324 666 1373 pauculis
682 1324 943 1372 quibusdam
954 1321 1201 1374 [cru-sspulis
1213 1325 1433 1363 interdum
1444 1325 1568 1363 aliter
1579 1328 1824 1374 proueniat,

171 1377 326 1417 nostrae
341 1380 574 1417 intentioni
590 1378 819 1426 quidpiam
835 1378 1080 1426 derogatur.
1103 1378 1275 1416 Etenim
1292 1379 1347 1421 id,
1365 1379 1483 1426 quod
1499 1391 1575 1426 per
1591 1385 1731 1417 totum
1748 1382 1823 1418 cir—

172 1431 322 1470 culum
341 1431 388 1470 fit
407 1431 662 1476 insensibile,
685 1434 732 1470 in
754 1432 1001 1470 minoribus
1022 1434 1116 1469 eius
1136 1431 1404 1470 subfumtum
1428 1433 1634 1480 partibus,
1659 1433 1823 1471 nullius

170 1485 344 1534 prorsus
360 1486 436 1524 esse
452 1487 608 1534 poterit
623 1487 849 1524 momenti.

225 1538 358 1587 Quod
373 1539 404 1578 fi
418 1551 496 1587 per
510 1539 627 1578 hanc
642 1538 1000 1588 praesuppofitam
1015 1541 1122 1577 anni
1139 1541 1439 1587 quantitatem,
1457 1542 1673 1588 integrum
1690 1542 1823 1579 circu-

171 1592 276 1638 lum,
298 1595 374 1641 qui
390 1592 446 1631 est
461 1593 504 1632 P.
517 1593 607 1638 360,
624 1592 913 1637 diuiserimus‚
935 1592 1122 1641 prodibit
1138 1593 1318 1640 fimplex
1335 1593 1446 1631 Solis
1463 1593 1647 1631 diurnus
1665 1600 1823 1637 motus,

172 1646 215 1685 P.
227 1646 264 1685 0.
273 1644 299 1695 Ι.
311 1647 374 1686 59.
385 1645 428 1695 ΙΙ.
440 1647 478 1686 8.
487 1645 549 1695 ΙΙΙ.
562 1647 616 1686 19.
626 1645 706 1695 llll.
718 1647 804 1691 432²„
816 1646 971 1685 nostrae
984 1648 1216 1684 intentioni
1228 1646 1461 1685 sufficiens:
1476 1659 1564 1694 quo
1577 1650 1708 1685 etiam
1720 1659 1823 1685 mox

172 1705 344 1739 vtemur
358 1702 405 1739 in
419 1701 684 1749 inquirendo
696 1700 1123 1747 demonstrandoque
1131 1701 1330 1748 Apogaeo
1343 1700 1498 1743 Solari,
1512 1701 1549 1739 &
1562 1703 1824 1749 competenti

172 1753 228 1792 ad
242 1753 386 1793 nostra
401 1759 614 1803 tempora,
631 1754 970 1793 Eccentricitate.

225 1807 358 1847 Nunc
379 1819 444 1853 ea,
465 1819 566 1856 quae
588 1819 641 1846 ex
662 1807 1040 1846 obseruationibus
1061 1807 1170 1855 ipfis,
1192 1808 1248 1845 ad
1269 1807 1384 1845 hanc
1405 1819 1497 1845 rem
1514 1808 1744 1846 necessaria
1760 1820 1822 1846 re-

173 1863 418 1909 quiruntur,
434 1862 651 1900 indicabo.
669 1862 720 1900 Et
735 1863 878 1909 primo
891 1861 1070 1909 quidem
1081 1859 1475 1908 AEquinofflalium
1487 1860 1749 1908 pundtorum
1760 1863 1823 1899 in-

171 1915 338 1963 gressuS,
350 1915 504 1963 quales
515 1917 630 1954 intra
640 1917 840 1963 proxime
853 1914 1048 1962 elapsum
1060 1917 1429 1962 quinquennium,
1443 1915 1609 1953 caelitus
1621 1922 1825 1953 accurata

172 1967 394 2017 diligentia
409 1980 437 2007 a
451 1981 523 2007 me
539 1968 767 2017 conquifiti
782 1968 891 2013 sunt,
908 1968 1046 2006 oculis
1062 1968 1168 2016 subij
1175 1970 1300 2006 ciam.

220 2047 442 2075 INGRESSUS
459 2048 570 2075 SOLIS
588 2048 630 2074 IN
648 2048 765 2074 ΑΜΒΟ
782 2047 1122 2080 AEQUINOCTIALIA
1140 2048 1310 2076 PUNCTA.
1330 2048 1350 2073 Ε
1370 2047 1535 2073 NOSTRIS
1556 2047 1782 2079 EXQUISITIS

649 2083 1032 2110 OBSERUATIONIBUS
1051 2083 1351 2109 PERUESTIGATI.

536 2174 655 2199 ΑΝΝΟ
921 2144 1299 2182 AEQVINOCTIVM

517 2209 678 2235 CHRISTI
791 2208 1017 2248 -VERIJJALE
1169 2208 1453 2233 AVTVMNALE

533 2245 666 2306 13ssssst
723 2246 756 2301 ζ’
788 2300 814 2301 φ
840 2262 980 2288 MARTH
1187 2262 1434 2287 SEPTEMBRIS

747 2316 805 2342 Die
873 2316 946 2341 Hor.
992 2298 1207 2340 Minvtsoie
1275 2315 1349 2340 Hor.
1394 2315 1501 2340 Minvt.

566 2379 631 2405 1584
776 2379 793 2404 9
893 2379 922 2403 21
1027 2377 1061 2403 30
1165 2378 1194 2402 12
1299 2378 1328 2402 16
1446 2378 1462 2402 0

566 2414 632 2440 1585
762 2415 793 2440 10
911 2414 926 2439 3
1031 2413 1061 2438 19
1165 2414 1193 2438 12
1295 2414 1324 2438 21
1429 2414 1462 2438 49

566 2450 632 2476 1536
763 2450 793 2475 10
910 2450 926 2475 9
1045 2449 1060 2474 8
1165 2449 1194 2474 13
1313 2449 1328 2474 3
1429 2449 1462 2474 38

566 2486 632 2511 1587
762 2485 793 2511 10
897 2486 926 2510 14
1028 2485 1060 2510 56
1165 2485 1194 2509 13
1312 2484 1328 2509 9
1428 2485 1462 2509 26

566 2521 632 2547 1588
777 2521 793 2547 9
893 2521 927 2546 20
1027 2521 1060 2545 45
1165 2521 1194 2545 12
1299 2520 1328 2545 15
1432 2520 1462 2545 15

226 2591 320 2617 Horae
336 2591 360 2617 ἃ
377 2591 518 2625 scrupula
536 2595 739 2618 numerantur
756 2600 772 2617 a
790 2591 917 2617 meridie
935 2590 1072 2623 assignati
1091 2590 1159 2618 diei.
1178 2591 1270 2623 idque
1288 2590 1317 2615 in
1338 2590 1544 2623 Longitudine
1569 2591 1593 2614 Ρ.
1613 2590 1651 2615 36.
1672 2590 1711 2614 M.
1730 2591 1770 2615 43.

584 2628 686 2661 qualis
703 2627 742 2653 est
759 2628 790 2653 in
807 2628 876 2653 loco
894 2626 1000 2652 nostrae
1018 2626 1250 2651 obseruationis
1268 2626 1411 2658 proxime⁴
1430 2624 1443 2658 ΙΙ
1728 2626 1823 2663 Has
