2164 3246
429 203 1089 243 PROGYMNASMATUM
1111 205 1316 243 PRIMA
1339 205 1491 243 PARS
1712 205 1789 243 237

136 312 207 350 hic
223 311 466 350 admodum
482 312 714 350 necessaria
730 311 797 355 est,
815 322 916 349 cum
928 310 966 348 &
978 310 1074 349 haec
1087 311 1176 358 ipsa
1188 311 1321 350 Stella
1333 314 1446 350 circa
1457 310 1791 359 AEquinoctium

136 364 409 403 Autumnale
431 364 635 409 versetur,
659 365 730 402 vbi
754 364 1015 402 Latitudinis
1041 365 1095 403 ob
1121 371 1416 412 permutatam
1439 365 1659 412 Eclipticae
1685 365 1790 403 obli-

136 420 359 466 quitatem,
372 420 572 462 variatio,
584 420 658 456 vix
670 418 1054 464 animaduertitur)
1071 420 1193 456 iuxta
1209 421 1577 462 ratiocinationes,
1596 418 1792 466 superius

136 483 237 511 cum
253 471 393 519 Spicae
412 477 459 520 ΠΡ
477 471 829 519 Longitudinem‚
852 483 905 509 ex
927 471 1028 509 data
1045 473 1139 509 eius
1156 472 1464 510 Declinatione
1481 478 1612 519 atque
1630 472 1791 510 Latitu-

83 539 98 564 5
135 526 236 564 dine
259 525 609 573 perquifiuimus,
634 524 860 572 expolitas,
884 524 1000 562 hanc
1023 524 1202 563 Stellam
1222 525 1440 573 Tempore
1463 525 1792 564 Obseruationis

135 578 373 623 Ptolemaei,
399 578 515 616 fuisse
540 580 587 616 in
611 584 719 626 part.
745 578 808 616 26.
835 576 859 625 Ι.
884 578 935 616 38
960 584 1021 626 ΠΡ.
1046 578 1214 616 Verum
1240 578 1487 626 Hipparchi
1512 585 1620 626 part.
1645 579 1686 618 ΖΞ
1716 590 1792 617 an-

135 634 352 676 teriorem,
373 637 520 680 vtpote
540 634 586 670 in
602 632 645 670 P.
663 632 726 670 23.
745 630 770 679 l.
788 631 838 670 53
857 637 918 680 m).
940 631 1216 670 Timocharis
1237 638 1386 670 autem
1407 644 1508 670 aeuo
1530 632 1702 670 duobus
1719 632 1792 670 ad-

135 685 222 724 huc
231 685 436 734 gradibus
446 687 493 723 in
503 685 807 724 antecedentia
817 687 1112 729 remotiorem,
1123 687 1169 722 in
1178 691 1285 733 part.
1294 686 1553 723 videlicet2l.
1562 688 1667 723 min.
1676 685 1792 733 53np.

136 739 310 787 Quibus
332 738 405 777 hic
427 750 507 787 pro
530 738 821 777 fundamento
845 738 1093 781 constitutis,
1120 751 1238 777 nunc
1264 739 1320 777 ad
1345 739 1534 777 aliarum
1558 738 1794 777 Stellarum

68 805 99 831 10
135 793 234 831 loca
248 792 467 840 propofito
483 798 635 831 tenore
652 792 952 830 examinanda
967 792 1239 830 accedemus.

189 846 241 884 Et
256 848 449 894 primum
465 857 542 894 per
553 845 709 884 Stellas
721 847 892 893 vtrique
904 845 1195 893 Tropicorum
1207 848 1453 890 viciniores,
1471 857 1572 893 quae
1589 847 1722 884 etiam
1739 845 1794 883 ob

136 900 180 939 id
195 901 355 938 maiori
371 899 632 938 Latitudinis
648 901 883 938 mutationi
899 899 1196 947 subijciuntur‚
1219 900 1261 937 id
1284 899 1402 947 quod
1420 899 1701 943 intendimus,
1724 910 1794 937 ex-

137 964 371 1002 penemur.

170 1051 392 1091 STELLA
413 1051 477 1090 IN
499 1050 711 1090 CAPITE
732 1050 1020 1090 BOREALIS
1044 1053 1079 1094 II
1092 1082 1099 1095 ‚
1121 1050 1357 1090 APOLLO
1379 1050 1511 1089 SIUE
1533 1050 1764 1089 CASTOR

72 1127 102 1152 1⁵
875 1112 1064 1152 DICTA.

254 1184 352 1224 AEC
369 1184 504 1224 Stella
519 1185 640 1224 distat
653 1187 699 1223 in
711 1185 1015 1223 antecedentia
1027 1184 1267 1223 secundum
1278 1184 1443 1223 nostras
1457 1184 1796 1223 Obseruationes

272 1250 299 1277 a
315 1238 444 1287 Spica
459 1239 649 1287 Virginis
666 1238 750 1287 Sig.
767 1239 803 1277 3.
820 1239 937 1287 grad.
955 1238 991 1276 3.
1009 1240 1114 1276 min.
1132 1238 1194 1276 35.
1215 1239 1312 1276 Fuit
1329 1240 1476 1285 itaque
1494 1238 1623 1285 ipfius
1640 1238 1795 1286 Longi-

138 1293 244 1331 tudo
266 1292 506 1331 secundum
529 1292 765 1331 interualla
786 1290 1004 1331 antedicla
1023 1291 1290 1335 Timochari‚
1315 1291 1576 1339 Hipparcho
1599 1291 1637 1329 &
1658 1291 1796 1329 Ptole-

138 1357 268 1391 maeo,
288 1346 615 1391 intercedentia,
636 1358 725 1385 vna
746 1358 848 1384 cum
868 1346 1252 1384 Declinationibus
1274 1346 1327 1384 ab
1349 1345 1499 1393 ijsdem
1521 1345 1796 1383 Authoribus

69 1412 103 1438 κο
139 1399 389 1445 obseruatis,
406 1399 620 1438 referente
637 1400 889 1443 Ptolemaeo,
906 1399 1042 1437 veluti
1058 1399 1129 1437 hic
1146 1404 1273 1446 patet.

82 1478 103 1511 ’ξ’
840 1478 1025 1511 Longitudo.
1177 1477 1362 1504 Declinatio.

433 1568 783 1608 TIMOCHARI
867 1524 908 1607 ss
965 1543 1006 1607 18
1031 1571 1066 1612 Π
1192 1523 1242 1606 3G3
1326 1568 1377 1640 ο.

433 1622 785 1661 HIPPARCHO
858 1622 909 1660 20
965 1622 1007 1660 18
1031 1625 1066 1665 Π
1192 1622 1242 1659 33
1309 1622 1350 1660 10
1399 1621 1497 1659 Bor.

70 1689 104 1714 25
432 1676 779 1715 FTOLEMAEO
858 1676 908 1714 23
983 1676 1006 1714 3
1031 1678 1066 1719 Π
1193 1675 1242 1713 33
1299 1675 1349 1712 24
1370 1651 1377 1720 Ι
1484 1720 1487 1723 ,

171 1756 258 1819 ‘Ex
280 1755 349 1795 his
372 1757 669 1795 Latitudinem
691 1756 887 1804 sequenti
908 1755 1303 1794 Demonstrationis
1327 1754 1537 1793 methodo
1561 1754 1796 1802 perscruta-

138 1809 312 1902 buglitirn
322 1865 526 1912 proximo
537 1863 733 1912 sequenti
745 1863 976 1902 Schemate
989 1862 1142 1901 FGHI
1156 1862 1349 1901 Colurus
1361 1862 1659 1900 Solstitiorum.
1675 1860 1795 1899 FLH

140 1916 406 1965 Eclipticam,
420 1919 544 1955 cuius
556 1917 688 1956 Polus
701 1920 746 1955 in
755 1918 808 1955 A.
823 1917 923 1956 GLI
932 1917 1098 1964 AEqua-
1447 1937 1488 1977 B

70 1982 104 2009 30
139 1975 280 2009 torem
292 1982 393 2009 cum
404 1970 482 2009 suo
491 1971 598 2009 Polo
611 1973 656 2009 in
668 1971 702 2009 B
715 1970 1003 2018 repraesentet.
1017 1970 1098 2008 Ex·
1555 1967 1597 2009 A

140 2024 231 2062 istat
242 2029 392 2062 autem
401 2023 535 2063 Stella
546 2024 643 2062 haec
653 2024 851 2063 Borealis
866 2027 901 2067 Π
916 2026 1038 2062 iuxta
1048 2023 1098 2067 C,
1363 1988 1578 2108 V

53 2083 116 2116 237
140 2088 217 2125 per
228 2089 364 2125 quam
375 2078 592 2117 ducantur
604 2074 907 2128 quadran-ntes
919 2078 973 2116 ab
986 2083 1098 2115 vtro·
1171 2097 1209 2140 F
1234 1988 1459 2164 l

141 2142 227 2179 que
249 2131 357 2170 Polo
382 2133 428 2170 in
452 2131 552 2170 suos
573 2131 788 2170 Circulos.
816 2131 1099 2169 Manifestum
1288 2130 1341 2189 (

141 2186 288 2232 itaque
305 2184 372 2230 est,
394 2186 513 2233 quod
530 2185 612 2223 KL
627 2185 673 2223 fit
690 2185 937 2233 Longitudo
954 2184 1099 2223 Stellae
1138 2206 1179 2246 G
1740 2208 1763 2248 Ι

71 2249 105 2276 3⁵
141 2237 195 2276 ab
207 2237 510 2278 Interfectione
526 2250 680 2283 verna;
698 2238 777 2276 KF
792 2250 897 2276 vero
914 2240 1099 2276 remotio
1467 2231 1727 2329 ,⁴

141 2302 168 2330 a
183 2290 369 2330 Solstitio
380 2292 560 2330 AERiuo.
578 2292 829 2330 Declinatio
845 2297 994 2330 autem
1012 2291 1099 2330 DC
1729 2301 1778 2350 H

142 2344 268 2383 datur
283 2345 339 2384 ad
355 2351 480 2384 terna
494 2345 767 2384 diuersorum
779 2345 942 2383 horum
953 2345 1099 2383 Artifi-

142 2409 242 2436 cum
257 2397 491 2447 Tempora.
513 2399 560 2437 Id
578 2411 692 2447 ergo,
713 2399 832 2447 quod
848 2398 951 2437 scire
968 2399 1099 2441 lubet,

142 2462 301 2500 nempe
330 2451 476 2491 Stellae
508 2453 817 2495 Latitudinem,
853 2452 937 2490 hoc
966 2452 1100 2490 modo

72 2515 106 2541 40
143 2515 361 2543 eruemus.

1600 2559 1794 2596 Primum
