2243 3225
422 204 490 242 160
796 194 1250 236 ASTRONOMIAE
1272 191 1693 232 INSTAURATAE

420 310 661 350 subuenire,
679 305 717 343 8(
733 304 1026 342 auxiliatrices
1042 313 1202 340 manus
1217 301 1449 348 porrigere,
1470 309 1550 346 pro
1566 297 1787 335 beneuolo
1802 296 1879 335 suo
1895 295 2065 341 affeetu,

421 374 511 399 non
526 358 804 407 tergiuersata
820 356 887 394 est.

473 414 541 451 Ne
565 423 669 450 vero
692 411 734 448 id
758 409 876 457 quod
898 408 1166 446 intendimus
1189 408 1320 444 nimis
1343 405 1419 443 diu
1442 403 1680 448 differatur,
1704 408 2006 450 attentumque
2029 402 2067 441 &

421 467 627 514 cupidum
640 463 864 502 Lectorem
880 462 1043 500 diutius
1060 471 1195 508 quam
1206 471 1285 507 par
1298 458 1353 496 est
1364 458 1652 500 detineamus,
1669 467 1788 494 nunc
1800 467 1889 503 qua
1899 457 2067 494 ratione

419 518 633 557 beneficio
657 521 683 560 Q
707 516 852 554 Stellae
875 527 952 563 per
973 514 1121 552 Solem
1141 508 1428 562 Affixa-ssrum
1451 515 1703 549 accuratam
1723 508 2068 547 verificationem
2094 517 2152 550 1⁵4

421 573 597 610 molitus
617 570 705 615 sim,
728 569 975 616 expediam:
998 567 1129 614 idque
1149 578 1241 604 non
1262 565 1413 603 saltem
1433 569 1650 612 quantum
1671 563 1726 601 ad
1747 562 1872 600 illum
1894 562 1964 609 (de
1980 573 2068 610 quo

421 625 526 672 dixi)
542 625 727 662 Annum
742 622 805 667 82,
822 621 893 659 sed
910 622 1042 659 etiam
1057 620 1225 667 aliquot
1240 618 1558 665 subsequentes.

475 677 775 717 Obseruabam
795 674 997 718 interdiu,
1019 673 1199 721 quando
1220 672 1295 710 Sol
1311 671 1349 709 8(
1365 671 1516 709 Venus
1536 669 1663 708 fimul
1684 668 2070 716 conspiciebantur,

422 739 552 779 atque
569 733 615 768 in
631 741 720 777 qua
735 728 830 766 fieri
845 732 1014 775 poterat
1029 728 1197 764 maiore
1213 725 1341 773 supra
1356 724 1651 762 Horizontem
1662 723 1922 760 Eleuatione
1933 721 2070 760 versa-

421 786 592 827 bantur,
610 794 764 820 eorum
780 782 835 820 ad
851 783 1044 818 inuicem
1060 779 1316 821 distantiam,
1334 778 1465 824 idque
1482 788 1559 825 per
1575 775 1799 824 quoddam
1812 774 2032 823 peculiare
2043 775 2070 812 a
2108 788 2138 814 ιο

423 838 549 876 nobis
570 838 862 883 excogitatum
880 834 1097 872 Sextantis
1113 832 1403 870 Astronomici
1426 830 1763 868 Instrumentum
1784 828 1927 875 (cuius
1946 827 2071 866 struc-

422 898 567 929 turam
588 894 719 936 atque
740 888 930 926 formam
949 886 1094 934 postea
1115 884 1381 933 explanabo)
1404 883 1662 921 subtilissime
1685 884 1837 920 omnia
1858 881 2070 929 scrupula,

423 956 524 983 cum
540 953 694 981 eorum
711 943 843 979 etiam
859 940 1064 987 aliquotis
1079 937 1381 986 portiunculis,
1398 939 1505 975 citra
1516 947 1695 974 omnem
1707 937 1865 974 erroris
1876 934 2072 982 suspicio·

424 1009 526 1035 nem
546 995 841 1043 suppeditans;
864 1005 917 1031 ea
936 993 1042 1041 lege,
1062 998 1106 1030 vt
1126 1003 1239 1029 vnus
1256 990 1522 1029 Obseruator
1545 993 1572 1033 9
1595 989 1776 1028 Stellam
1795 999 1872 1036 per
1891 987 2072 1026 rimulas

425 1050 634 1098 quasdam
654 1047 911 1086 Pinnacidio
931 1048 1065 1094 priori
1087 1045 1353 1093 Cylindrico‚
1374 1044 1430 1082 ad
1451 1048 1650 1081 centrum
1670 1042 1957 1086 Instrumenti,
1980 1043 2072 1089 qui-
2110 1054 2139 1080 1⁵

425 1104 580 1141 escenti
590 1101 839 1145 Parallelas,
852 1102 1105 1143 intueretur,
1118 1098 1226 1136 alter
1237 1103 1387 1136 autem
1399 1097 1528 1144 (duos
1540 1098 1659 1134 enim
1667 1095 1793 1134 fimul
1802 1095 1879 1133 esse
1888 1093 2072 1142 oportet)

425 1157 625 1194 vmbram
637 1154 837 1203 Cylindri
849 1165 876 1191 a
890 1155 934 1198 Θ
949 1152 1183 1195 causatam,
1200 1153 1246 1189 in
1257 1151 1446 1189 alterum
1456 1149 1619 1188 mobile
1631 1148 1950 1193 Pinnacidium,
1964 1149 2074 1186 inter

425 1211 550 1248 binas
559 1209 711 1252 lineas,
721 1207 887 1245 vmbrae
897 1206 1027 1254 ipsius
1037 1207 1284 1253 aequipares
1294 1204 1554 1242 admitteret:
1565 1202 1707 1250 ficque
1717 1202 1949 1250 aliquoties
1958 1200 2074 1240 colli-

426 1263 590 1301 mando
610 1263 653 1306 Θ
673 1266 804 1308 atque
827 1263 853 1303 Q
875 1259 1073 1298 distantia
1092 1270 1169 1306 per
1189 1257 1409 1305 Vtriusque
1430 1256 1672 1304 Pinnacidij
1695 1257 1999 1300 remotionem,
2019 1255 2074 1293 ad

426 1316 622 1355 amussim
642 1313 947 1361 accipiebatur,
969 1312 1168 1350 Altitudo
1190 1313 1322 1349 etiam
1342 1316 1433 1349 tam
1456 1312 1500 1355 Θ
1525 1320 1660 1357 quam
1683 1312 1726 1353 Q,
1750 1319 2075 1356 nonnunquam
2109 1319 2141 1346 20

427 1372 558 1407 etiam
578 1367 870 1406 Azimuthum
890 1368 936 1404 in
957 1377 1045 1414 quo
1066 1365 1361 1407 versabantur,
1382 1368 1513 1412 prout
1533 1374 1645 1411 opus
1666 1368 1769 1407 erat,
1790 1373 1879 1400 vna
1898 1361 2075 1400 denota·

426 1424 601 1466 bantur;
628 1421 750 1468 Quin
775 1420 813 1458 &
839 1419 1088 1458 Declinatio
1114 1418 1358 1456 eorundem
1382 1428 1459 1465 per
1479 1416 1690 1454 Armillas
1710 1415 2006 1463 AEquatorias,
2030 1416 2076 1452 in

428 1486 692 1523 quocunque
705 1479 827 1512 extra
839 1473 1142 1511 Meridianum
1154 1471 1244 1515 fitu,
1261 1482 1354 1509 non
1365 1470 1674 1518 negligebatur,
1691 1469 1934 1507 Altitudine
1946 1469 2077 1507 etiam

428 1529 680 1567 Meridiana
696 1539 772 1575 per
789 1527 1081 1574 Quadrantes,
1101 1524 1281 1573 quando
1298 1524 1630 1567 concedebatur,
1652 1523 1840 1561 eandem
1856 1522 2075 1570 largiente,

428 1582 841 1629 comprobanteque.
2110 1585 2142 1612 2⁵

482 1635 654 1673 Deinde
671 1633 817 1672 Noctu
833 1645 935 1671 cum
949 1632 1023 1671 Sol
1037 1631 1151 1670 infra
1163 1631 1458 1669 Horizontem
1474 1629 1707 1674 demersus,
1724 1628 1960 1668 Stellarum
1974 1627 2076 1666 scin-

428 1689 687 1727 tillationem
712 1687 851 1725 oculis
876 1686 1145 1729 concederet,
1171 1684 1261 1732 ipsa
1286 1686 1419 1722 etiam
1442 1684 1613 1721 Venere
1638 1682 1910 1731 praefulgida,
1935 1681 2077 1720 adhuc

428 1742 556 1789 supra
572 1742 810 1779 Finitorem
825 1742 937 1778 inter
953 1751 1027 1777 eas
1043 1741 1244 1780 micante,
1262 1744 1480 1776 certarum
1497 1737 1777 1784 quarundam
1790 1735 1828 1773 &
1839 1736 2077 1783 praecipua·

430 1807 528 1833 rum
544 1797 665 1832 iuxta
682 1794 926 1832 Zodiacum
941 1793 1208 1830 versantium
1224 1791 1471 1833 Stellarum,
1489 1791 1543 1828 ab
1561 1790 1644 1828 hoc
1664 1793 1690 1833 9
1712 1789 1861 1828 Sidere
1877 1789 2078 1827 remotio-

430 1860 544 1890 nem.
561 1860 638 1895 per
654 1848 845 1885 eundem
857 1847 1110 1885 Sextantem
1121 1845 1331 1883 scrutatus
1343 1844 1449 1887 sum,
1467 1843 1663 1882 adhibita
1675 1842 1713 1881 8(
1723 1849 1827 1881 tunc
1839 1836 2080 1891 vtriusquefl
2114 1851 2146 1878 3ο

431 1902 737 1940 Declinatione
754 1907 885 1947 atque
902 1900 1158 1942 Altitudine,
1175 1908 1503 1945 nonnunquam
1520 1908 1698 1944 quoque
1710 1895 1964 1934 Azimutho.
1980 1894 2078 1933 Vbi-
2105 1899 2160 1931 1⁵5

431 1967 515 2002 que
532 1966 636 1992 vero
658 1960 747 1992 tam
768 1954 970 1997 interdiu,
992 1964 1127 2000 quam
1144 1950 1302 1994 Noetu,
1319 1951 1550 1998 Temporis
1567 1955 1805 1993 momenta,
1827 1949 1985 1997 quibus
2002 1946 2079 1985 fin·

431 2009 544 2056 gulae
558 2008 896 2046 Obseruationes
912 2005 1262 2054 perficiebantur,
1280 2004 1507 2052 diligenter
1521 2003 1771 2051 consignata
1787 2002 2080 2044 adhibuimus,

432 2068 474 2099 vt
491 2062 640 2099 habita
656 2062 864 2098 motionis
880 2062 1070 2107 propriae
1087 2061 1132 2096 in
1152 2062 1178 2101 Q
1198 2060 1381 2100 ratione,
1399 2069 1475 2105 per
1491 2059 1586 2095 eius
1603 2057 1751 2095 locum
1768 2067 1791 2094 e
1807 2055 1908 2094 Sole
1924 2055 2080 2094 diurno

432 2121 639 2161 tempore,
671 2113 912 2151 correctum
939 2112 1097 2151 collata
1123 2114 1290 2149 interea
1314 2109 1438 2149 faetae
1468 2112 1759 2158 promotionis
1788 2110 2080 2157 proportione,
2114 2117 2146 2144 ³⁵

433 2168 576 2205 Steuae
594 2167 822 2214 propofitae
839 2167 998 2209 locum,
1020 2164 1371 2206 reelificaremus,
1395 2165 1526 2211 idque
1542 2166 1734 2211 primum
1751 2162 1898 2211 quoad
1914 2159 2080 2200 Arcens.

435 2220 622 2263 Reclam,
640 2220 946 2267 AEquatoriam
964 2231 1063 2266 quae
1081 2218 1277 2256 adhibita
1289 2220 1383 2256 eius
1396 2217 1716 2259 Declinatione,
1734 2216 1860 2255 facile
1872 2217 1917 2254 in
1929 2214 2080 2262 Longi·

433 2274 520 2311 tud.
534 2274 571 2311 &
586 2273 768 2311 Latitud.
787 2271 977 2320 respectu
995 2272 1226 2319 Eclipticae,
1244 2271 1553 2309 resoluebatur.
1572 2272 1716 2318 Atque
1734 2270 1817 2308 hoc
1834 2267 1960 2317 paeto
1976 2277 2081 2306 non·

435 2327 657 2364 nullarum
682 2326 812 2363 Affix.
838 2326 1071 2364 Stellarum
1095 2325 1191 2362 loca
1215 2325 1362 2362 sedulo
1386 2323 1634 2371 perquifiui,
1659 2324 1903 2370 eademque
1925 2333 2002 2370 per
2023 2320 2081 2358 di·

435 2380 607 2417 stantias
625 2380 873 2417 adinuicem
886 2379 1063 2416 vlterius
1080 2380 1348 2419 examinaui,
1366 2379 1605 2424 omniaque
1618 2377 1795 2416 tandem
1807 2376 1863 2415 ad
1876 2374 2081 2414 Lucidam
2115 2381 2146 2409 ω

436 2434 568 2475 illam,
591 2444 691 2479 quae
709 2433 762 2470 est
780 2432 907 2479 supra
924 2431 1068 2478 Caput
1088 2437 1148 2473 V,
1171 2437 1212 2468 vt
1235 2430 1336 2468 hinc
1358 2431 1628 2477 reliquarum
1650 2430 1956 2469 determinatio
1971 2432 2080 2476 pete-

436 2492 564 2529 retur,
582 2486 776 2523 consulto
791 2486 845 2523 ad
859 2487 1042 2522 Annum
1056 2484 1150 2522 1585
1167 2484 1446 2531 completum,
1464 2490 1676 2532 tanquam
1694 2484 1762 2521 his
1778 2481 2082 2521 intermedium

1927 2533 2080 2581 redegi.
