2164 3246
81 827 112 853 10

81 1095 112 1121 Ι5

58 1249 123 1282 333

77 1898 111 1925 30

77 2166 110 2192 35

389 227 1050 268 PROGYMNASMATUM
1072 229 1385 269 SECUNDA
1407 230 1558 269 PARS
1726 231 1803 269 329

148 335 289 372 trione
305 344 441 381 prope
455 333 729 382 Cassiopeam
743 335 933 374 effulfisse
945 336 1096 379 scribit,
1115 336 1152 374 &
1169 337 1373 375 nonnulli
1389 343 1538 376 tamen
1556 337 1801 381 Cometam,

149 389 273 425 cuius
286 386 572 425 Camerarius
583 395 714 435 atque
727 389 953 428 Pomanus
969 392 1278 435 meminerunt,
1295 393 1341 428 in
1353 392 1538 429 Annum
1550 391 1803 438 sequentem

147 440 432 484 transferunt;
449 447 492 478 vt
504 440 638 479 Stella
653 441 749 480 haec
767 454 902 490 quam
914 443 1140 482 Leouitius
1157 444 1326 492 allegat,
1344 444 1515 483 diuersa
1528 444 1644 482 fuisse
1657 445 1802 483 videa-

147 499 234 538 tur;
258 493 361 540 Qua
384 496 516 532 etiam
539 494 663 533 nulla
685 498 866 543 propius
889 497 944 534 ad
968 496 1095 541 hanc,
1120 509 1254 545 quam
1276 509 1394 536 nunc
1416 498 1708 542 describimus,
1735 510 1802 537 ac-

149 548 318 585 cesserit.
338 548 486 595 Atque
508 549 752 595 optandum
772 549 882 587 foret
903 552 997 588 eius
1013 552 1308 599 Apparentias
1330 563 1406 599 per
1428 551 1643 590 Idoneum
1660 551 1802 590 Astro-

148 612 336 639 nomum
351 600 467 639 fuisse
484 601 660 640 vberius
677 602 830 640 Literis
847 603 1130 652 consignatas.

203 654 320 693 Cum
331 656 459 702 igitur
471 654 582 693 adeo
594 667 738 702 pauca
747 655 824 694 fint
835 658 1038 704 exempla
1047 657 1281 696 Stellarum
1291 658 1626 706 Peregrinarum
1636 658 1802 697 caelitus

148 707 435 751 illucentium,
456 707 544 746 fiue
561 709 680 756 quod
697 710 900 748 rarissime
917 711 1141 758 prodeant,
1161 711 1234 749 seu
1252 712 1370 759 quod
1386 712 1621 750 hominum
1637 711 1803 750 inscitia

148 766 280 809 atque
292 760 517 800 oscitantia
529 762 816 810 negligantur.
830 763 912 801 hac
925 764 1013 811 ipsa
1024 767 1228 809 contenti,
1242 777 1377 812 quam
1387 765 1538 803 nostris
1548 766 1686 803 oculis
1695 766 1801 804 vidi-

148 826 260 860 mus,
277 814 659 863 Instrumentisque
676 816 867 854 demensi
883 817 1043 861 sumus,
1062 821 1155 856 eius
1167 820 1462 866 Apparentias
1475 818 1513 856 &
1525 819 1733 866 quicquid
1750 819 1802 857 de

148 867 232 907 hac
242 868 545 907 Astronomice
557 872 835 917 pronuntiari
847 873 1014 917 poterit,
1028 883 1106 919 pro
1119 872 1244 909 Virili
1255 874 1300 910 in
1313 872 1509 910 medium
1521 872 1703 915 adferre,
1717 873 1802 910 ela-

147 921 420 967 borabimus;
438 922 508 960 Ne
524 929 615 960 tam
631 923 942 962 admirandum
959 924 1140 963 Diuinae
1158 925 1396 963 Maiestatis
1414 925 1652 969 Ostentum,
1671 927 1802 964 adue-

147 975 404 1023 sperascenti
424 975 600 1014 Mundo
624 976 880 1021 exhibitum,
904 980 1025 1025 prius
1046 990 1099 1016 ex
1121 979 1295 1016 Animis
1317 979 1569 1017 Hominum
1593 980 1801 1023 deleatur,

149 1040 285 1077 quam
301 1029 445 1077 quale,
463 1041 552 1077 quo
568 1032 615 1068 in
630 1029 721 1073 fitu,
739 1038 1044 1079 quantumque
1061 1032 1201 1076 fuerit,
1219 1032 1512 1080 cognoscatur.

202 1082 318 1130 Quae
339 1085 459 1121 enim
479 1083 532 1121 de
554 1095 607 1122 eo
628 1085 654 1121 a
675 1084 889 1132 plerisque
913 1086 1044 1123 antea
1067 1086 1182 1123 edita
1204 1086 1311 1129 sunt,
1336 1086 1408 1124 etfi
1431 1086 1581 1134 aliqua
1605 1098 1657 1124 ex
1680 1093 1801 1134 parte

148 1138 464 1175 conuenienter
484 1136 525 1175 se
546 1136 752 1181 habeant,
776 1144 925 1176 tamen
946 1145 989 1176 vt
1009 1150 1115 1186 pace
1137 1139 1404 1183 Authorum,
1428 1151 1583 1178 verum
1604 1140 1800 1183 dixerim,

147 1201 242 1228 rem
256 1201 437 1229 omnem
454 1202 537 1228 acu
554 1191 615 1237 (vt
631 1191 715 1229 dici
730 1191 851 1237 solet)
869 1203 960 1229 non
977 1194 1220 1240 attigerunt.
1239 1193 1387 1240 quue,
1404 1196 1463 1231 vti
1481 1193 1687 1237 existimo,
1705 1205 1800 1241 par-

146 1245 226 1282 tim
245 1243 365 1292 quod
381 1243 680 1282 Instrumentis
701 1244 866 1283 affabre
889 1243 1158 1295 elabora-{ltis
1180 1246 1217 1283 &
1239 1248 1374 1284 errori
1395 1258 1486 1284 non
1507 1247 1709 1295 obnoxijs
1730 1247 1800 1285 de-

146 1296 275 1335 stituti
297 1296 470 1342 fuerint,
494 1300 654 1346 partim
676 1299 796 1346 quod
817 1298 930 1337 Solis
952 1298 989 1336 &
1011 1299 1043 1337 F
1046 1302 1219 1337 ixarum
1240 1300 1369 1338 Coelo
1393 1300 1468 1347 ipfi
1491 1300 1682 1338 consona
1704 1301 1801 1338 loca

146 1353 268 1399 prius
283 1350 507 1390 verificata
523 1363 615 1390 non
632 1351 925 1395 adhibuerint,
943 1355 1101 1400 partim
1114 1355 1257 1397 etiam,
1276 1356 1379 1401 quia
1393 1353 1666 1392 Obseruandi
1678 1353 1801 1392 vsum

147 1409 279 1453 atque
302 1404 494 1444 debitam
517 1408 742 1454 negotium
766 1407 1013 1454 exequendi
1037 1409 1266 1449 rationem,
1290 1406 1364 1445 libi
1385 1406 1650 1445 familiarem
1670 1414 1801 1446 antea

147 1469 239 1497 non
254 1458 532 1497 reddiderint.

200 1511 322 1559 Quin
332 1511 370 1550 ἀ
380 1523 459 1561 ego
469 1514 515 1550 in
524 1515 668 1560 prima
678 1515 920 1557 iuuentute,
934 1514 986 1551 de
999 1513 1081 1551 hac
1093 1513 1183 1561 ipsa
1195 1513 1327 1552 Stella
1339 1514 1546 1561 quaedam
1558 1513 1801 1552 effuderam

146 1567 292 1613 potius
310 1567 447 1614 quam
465 1566 700 1605 deliberate
718 1566 756 1604 &
773 1565 973 1605 emunc‘te
993 1567 1339 1614 conscripseram,
1360 1579 1460 1615 quae
1477 1568 1573 1605 licet
1591 1568 1737 1615 quoad
1754 1568 1800 1605 fi-

146 1624 242 1657 tum
258 1621 353 1658 eius
367 1619 629 1658 AEthereum
645 1620 827 1659 Veritati
843 1623 1041 1668 apprime
1059 1621 1250 1659 consona
1266 1620 1438 1665 fuerint,
1457 1621 1494 1659 &
1510 1621 1728 1659 nonnulla
1746 1622 1800 1659 ab

146 1673 431 1722 Apparentijs
447 1675 541 1712 eius
557 1685 649 1712 non
666 1674 813 1712 aliena
825 1677 1132 1719 continuerint,
1150 1681 1299 1713 tamen
1311 1686 1411 1712 cum
1424 1674 1478 1712 ad
1486 1673 1690 1719 ‚exae'tam
1702 1686 1800 1712 nor-

146 1737 268 1765 mam
284 1726 372 1765 illic
388 1729 541 1766 omnia
556 1739 648 1766 non
664 1727 743 1766 fint
760 1728 1008 1775 explanata,
1026 1734 1157 1775 atque
1169 1728 1371 1776 suprema
1383 1728 1488 1766 lima
1501 1728 1692 1775 expolita
1709 1728 1799 1774 (ne-

147 1791 233 1828 que
256 1782 376 1819 enim
398 1792 452 1819 eo
475 1783 658 1819 nomine
682 1789 863 1820 exarata
886 1788 1021 1825 erant,
1048 1782 1166 1829 quod
1191 1784 1237 1819 in
1259 1782 1487 1820 Publicum
1511 1783 1706 1819 emittere
1729 1782 1799 1819 de-

147 1836 374 1879 creuerim‚
391 1835 653 1873 Amicorum
668 1835 819 1873 saltem
835 1834 1219 1883 efflagitationibus
1232 1846 1284 1873 eo
1296 1835 1523 1882 impulsus)
1538 1835 1580 1872 id
1593 1835 1800 1882 quicquid

148 1886 204 1926 est
217 1887 328 1926 mihi·
344 1887 420 1936 ipfi
436 1900 554 1927 nunc
571 1900 663 1926 non
678 1888 896 1927 satisfacit:
914 1900 994 1926 nec
1012 1889 1066 1927 ad
1083 1891 1145 1926 rei
1161 1888 1390 1936 propofitae
1408 1887 1799 1936 Magnificentiam,

146 1943 344 1989 tantique
361 1941 570 1981 Miraculi
585 1944 848 1990 penitiorem
865 1942 1196 1989 descriptionem
1212 1941 1407 1980 sufficere
1425 1942 1630 1980 censetur.

195 1994 216 2041 J
221 1994 364 2034 dcirco
381 2007 482 2044 quae
495 2007 549 2034 ex
561 1995 952 2034 Obseruationibus
964 2002 1054 2033 tam
1066 1997 1265 2044 proprijs,
1283 2007 1418 2043 quam
1433 1995 1621 2033 aliorum
1635 1997 1747 2033 circa

306 2047 422 2088 hanc
443 2049 623 2088 Stellam
640 2049 955 2088 Mathematice
977 2049 1291 2087 consideranda
1307 2051 1501 2093 veniunt,
1522 2060 1640 2087 nunc

446 2105 687 2141 maturiore
703 2103 878 2147 iudicio,
896 2110 1026 2150 atque
1043 2105 1181 2151 magis
1198 2102 1407 2150 exquifita
1425 2103 1500 2148 (vti

580 2156 822 2205 speramus)
838 2159 1001 2195 trutina
1023 2156 1334 2204 expendemus.
1352 2154 1367 2206 ΙΙ

254 2591 288 2616 42
1607 2579 1798 2618 CAPVT
