2243 3225
418 206 493 243 344
792 197 1244 238 ASTRONOMIAE
1266 194 1687 235 INSTAURATAE

418 313 523 348 nino
539 308 788 347 faciendum
804 305 1127 353 proposueram,
1145 315 1197 341 eo
1215 303 1333 350 quod
1349 301 1589 340 vastitatem
1603 300 1740 348 ipsam
1751 300 1992 348 plurimum
2003 301 2059 339 ad

418 362 638 401 diuifionis
663 358 1042 406 scrupulositatem,
1073 363 1204 404 atque
1230 355 1600 394 obseruationum
1630 354 1934 392 certitudinem
1958 365 2058 392 con-

416 416 525 453 ferre
546 414 751 456 viderem,
776 412 805 449 fi
825 411 1060 458 praesertim
1080 410 1190 447 bene
1212 411 1473 456 contignata,
1496 407 1717 454 solideque
1739 407 1975 452 elaborata,
1998 406 2059 445 fa-

416 469 651 506 bricaretur
667 464 893 503 Machina.
910 463 990 509 Jlle
1007 464 1154 510 itaque
1171 462 1239 500 his
1255 460 1480 509 persuasus
1497 466 1537 498 et
1553 460 1739 498 alacrior
1759 462 2059 508 promtiorque

416 521 605 558 redditus
627 521 809 557 omnino
828 517 1131 555 consentiebat.
1155 515 1446 553 Constitutum
1464 525 1565 562 ergo
1582 513 1637 551 est
1653 513 1908 552 Maximum
1923 525 2059 561 quen·
2097 527 2112 551 5

416 574 517 611 dam
536 572 856 614 fabricandum
879 570 1020 608 Locus
1037 567 1227 607 delectus
1242 570 1288 605 in
1304 567 1432 605 horto
1450 567 1646 614 quodam
1661 567 1815 615 Praedij
1834 566 1977 615 ipsius,
1998 567 2058 605 di-

414 627 549 664 midio
565 626 725 663 miliari
741 625 794 663 ab
811 624 938 665 Vrbe,
955 622 1101 660 versus
1118 621 1431 669 Notolybicum
1449 620 1495 667 (fi
1510 618 1622 658 recle
1638 619 1838 666 memini)
1856 620 2058 665 distantis,

415 680 469 718 ad
492 690 653 727 pagum
676 677 897 725 quendam
920 676 1192 723 Geggingam
1215 673 1390 712 dicium.
1415 672 1633 712 Conduc'ti
1652 673 1855 712 Artifices
1874 675 1997 722 varij,
2021 673 2060 712 &
2097 681 2117 712 ·1·

414 735 460 770 in
483 732 672 771 Ciuitate
695 731 770 769 illa
793 729 1121 777 praestantiores,
1145 729 1454 775 Automatam,
1478 726 1716 771 Aurifabri,
1740 727 1868 765 Fabri
1890 726 2056 775 ferrarij

414 791 543 833 atque
560 785 742 832 lignarij,
760 784 979 831 ijdemque
996 793 1087 819 non
1103 783 1244 829 pauci,
1262 783 1337 828 qui
1349 782 1507 828 partim
1518 786 1563 818 vt
1575 780 1757 819 Consuli
1767 779 2058 828 gratificaren-
2100 792 2130 818 ιο

414 845 493 882 tur,
510 840 668 886 partim
684 837 894 875 mercedis
911 835 1222 883 promtitudine
1239 836 1424 878 inuitati,
1442 845 1533 872 non
1549 835 1766 882 grauatim
1782 845 1894 881 opus
1905 835 2058 872 vnani-

413 894 539 929 miter
563 890 808 938 suscipiunt:
835 889 999 927 Aderat
1025 890 1263 936 impromtu
1288 889 1433 925 omnis
1456 887 1679 931 Materies,
1705 886 1793 925 [ωε
1816 886 1980 925 Trabes
2006 898 2059 925 ex

414 947 578 992 optimo
591 944 628 982 &
639 943 774 981 solido
787 943 936 990 Ligno,
951 942 1082 989 longa
1093 942 1331 979 Annorum
1341 940 1547 979 vetustate
1559 940 1634 978 sub
1645 938 1756 978 tec'to
1768 940 2058 984 conseruatas,

413 997 684 1045 penitiusque
705 996 946 1039 exficcatas‚
967 995 1055 1033 s1ue
1077 997 1210 1033 etiam
1227 994 1524 1033 Orichalcicas
1543 994 1745 1038 laminas,
1766 999 1898 1041 atque
1918 993 2059 1032 ferrea

413 1051 648 1098 ligamenta
663 1048 884 1097 spectares.
905 1049 998 1086 Nec
1014 1060 1151 1092 mora,
1169 1050 1282 1086 intra
1298 1050 1427 1085 vnius
1444 1047 1608 1085 Mensis
1623 1047 1810 1095 spatium
1826 1046 2058 1094 Quadran·
2099 1059 2129 1085 15

413 1111 499 1142 tem
519 1109 651 1141 tantae
671 1103 800 1140 molis
821 1102 1150 1146 construximus,
1172 1107 1215 1139 vt
1230 1103 1303 1139 vix
1319 1102 1346 1138 a
1362 1101 1652 1149 quadraginta
1672 1100 1853 1139 robustis
1868 1100 1984 1139 Viris
2003 1100 2058 1139 ab

414 1169 466 1195 eo
491 1157 600 1201 loco,
625 1159 671 1194 in
692 1168 780 1204 quo
800 1155 1105 1199 fabricabatur,
1131 1157 1177 1192 in
1200 1154 1358 1193 collem
1383 1156 1648 1202 proximum,
1671 1154 1744 1192 vbi
1764 1153 2059 1202 disponendus

413 1216 514 1255 erat,
537 1212 699 1257 portari
719 1211 918 1257 potuerit,
940 1208 1079 1246 fulcro
1096 1210 1190 1246 eius
1206 1210 1251 1246 in
1268 1219 1357 1255 quo
1374 1207 1585 1246 conuolui
1601 1207 1797 1252 debebat,
1818 1209 1908 1246 iarn
1928 1212 2060 1246 antea

412 1264 498 1301 illic
521 1263 701 1301 firmiter
723 1263 947 1301 collocato.
975 1262 1135 1300 Forma
1157 1267 1306 1300 autem
1330 1261 1600 1308 Quadrantis
1623 1267 1714 1300 erat
1739 1260 1875 1300 ferme
1901 1260 2058 1300 eiusce-

412 1317 543 1361 modi,
560 1316 737 1364 qualem
753 1315 1014 1363 subsequens
1031 1313 1199 1363 piciura
1215 1314 1506 1363 repraesentat.
1524 1311 1538 1365 ΙΙ
2095 1326 2129 1352 20

459 1370 606 1418 jpsum
619 1370 935 1417 Quadrantem,
948 1381 1049 1407 cum
1060 1374 1151 1407 tota
1161 1368 1238 1407 sua
1249 1370 1575 1416 contignatione
1587 1374 1718 1416 atque
1730 1367 1932 1412 transtris,
1949 1379 2058 1416 prae-
2082 1373 2144 1406 357

411 1423 566 1471 figurat
579 1423 825 1471 Compages
837 1422 978 1466 ACB,
996 1422 1160 1460 Centro
1178 1424 1271 1460 eius
1287 1422 1342 1460 ad
1355 1422 1408 1466 A,
1426 1420 1776 1460 circumferentia
1792 1421 1884 1460 CB.
1901 1421 2059 1460 Latera

411 1483 558 1515 autem
569 1477 796 1524 Angulum
809 1475 988 1514 Recium
1004 1478 1126 1514 iuxta
1138 1476 1352 1514 Centrum
1369 1475 1676 1514 concludentia
1688 1475 1770 1513 BA
1783 1474 1821 1513 ἃ
1833 1474 1918 1514 CA
1935 1481 2058 1514 erant

412 1541 433 1567 e
450 1530 605 1568 robore
623 1530 858 1577 Quercino,
875 1529 1004 1568 instar
1019 1529 1209 1567 trabium
1224 1540 1488 1577 magnarum
1505 1528 1671 1567 affabre
1687 1528 1925 1573 elaborata,
1944 1528 2057 1567 Lon·

410 1584 601 1631 gitudine
614 1584 654 1621 14
668 1584 834 1622 cubitos
846 1583 901 1621 ad
913 1585 1149 1621 minimum
1161 1583 1473 1630 adaequabant;
1488 1581 1839 1621 circumferentia
1850 1581 1942 1626 CB,
1955 1581 2058 1620 huic
2095 1594 2128 1620 25

410 1637 699 1684 magnitudini
711 1636 1084 1684 correspondente,
1098 1643 1229 1684 atque
1242 1647 1264 1674 e
1276 1636 1487 1684 peculiari
1498 1635 1724 1683 solidoque
1734 1635 1872 1684 Ligno
1883 1635 2058 1674 solerter
2094 1642 2115 1674 r

411 1696 623 1733 contexta,
635 1689 958 1737 Orichalcoque
968 1692 1014 1728 in
1024 1701 1076 1728 ea
1085 1689 1322 1737 superficie,
1337 1701 1438 1737 quae
1448 1689 1649 1728 diuifioni
1658 1689 1846 1737 patebat,
1858 1687 2056 1728 obdu&a.

411 1743 772 1791 Contignationes
784 1746 916 1781 etiam
928 1743 1261 1787 transuersariae,
1279 1754 1380 1791 quae
1392 1741 1648 1791 spectantur,
1664 1748 1788 1781 erant
1799 1754 1853 1781 ex
1864 1741 2058 1781 trabibus

410 1796 527 1834 iustae
545 1799 796 1844 quantitatis
813 1803 911 1844 apte
929 1796 1207 1844 compactiles
1224 1797 1262 1835 &
1278 1796 1493 1845 leuigatae,
1506 1803 1549 1834 vt
1562 1795 1789 1835 Machinae
1801 1796 1986 1844 planum
1997 1801 2057 1834 at-

411 1862 495 1896 que
516 1850 652 1888 latera
673 1851 986 1888 combinarent.
1011 1851 1266 1888 Pinnacidia
1286 1852 1332 1888 in
1353 1849 1562 1898 superiori
1586 1850 1766 1898 planitie
1788 1849 1954 1888 Lateris
1974 1849 2057 1888 AB
2095 1860 2128 1886 30

411 1903 741 1950 adaptabantur,
759 1915 834 1951 per
852 1904 884 1941 E
894 1904 934 1941 D
952 1904 1154 1946 indicata,
1172 1915 1363 1951 quorum
1379 1905 1574 1942 anterius
1587 1903 1705 1951 quod
1717 1903 1773 1942 ad
1785 1902 1840 1947 D,
1857 1902 2059 1942 foramen

411 1958 455 1993 in
478 1957 720 1994 meditullio
743 1957 943 1999 habebat.
967 1968 1043 2004 per
1067 1958 1185 2004 quod
1209 1956 1354 1995 Stellae
1378 1959 1500 1996 iuxta
1523 1957 1803 1995 Diametrum
1825 1955 2058 2005 superioris

412 2021 544 2056 prope
556 2010 601 2052 E,
615 2011 794 2048 dimidia
804 2017 924 2058 parte
935 2011 990 2048 ob
1001 2011 1042 2048 id
1053 2017 1280 2053 excauata,
1294 2010 1647 2049 collimabantur:
1661 2010 1705 2049 Si
1718 2010 1898 2058 quando
1909 2015 2058 2048 tamen

412 2063 484 2100 Sol
505 2063 802 2101 obseruandus
823 2064 928 2106 esset,
950 2064 1069 2101 aliud
1089 2064 1313 2111 quoddam
1330 2064 1636 2102 Pinnacidium
1652 2063 1739 2102 illic
1755 2062 2056 2107 adhibebatur.

411 2119 541 2153 etiam
554 2116 832 2164 perforatum,
846 2129 934 2164 quo
945 2117 1057 2155 Solis
1068 2118 1237 2155 Lumen
1248 2119 1293 2155 in
1303 2119 1533 2156 anterioris
1542 2116 1819 2156 intrinsecam
1830 2117 2057 2165 planitiem
2094 2127 2127 2153 35

412 2170 664 2212 admitteret,
687 2182 761 2217 per
782 2171 982 2208 canalem
1005 2173 1136 2209 etiarn
1157 2171 1381 2218 quendam
1402 2183 1576 2213 cauum,
1599 2171 1745 2209 radios
1766 2170 2056 2213 cohibentem.

411 2222 703 2260 transmissum.
722 2224 849 2268 Juxta
868 2224 1080 2262 Centrum
1104 2224 1276 2272 insuper
1292 2226 1331 2262 A
1349 2225 1650 2272 applicabatur
1671 2223 1796 2262 filum
1818 2223 2057 2262 Orichalci-

412 2287 523 2317 cum.
546 2276 777 2314 Plumbum
799 2278 1022 2324 quoddam
1044 2278 1211 2325 aliquot
1230 2278 1441 2316 librarum
1458 2277 1639 2316 inferius
1656 2280 1778 2316 iuxta
1793 2276 1994 2316 foramen
2011 2276 2057 2315 H

412 2330 707 2375 perpendiculi
730 2330 825 2367 loco
848 2330 1034 2372 ferentis,
1056 2338 1098 2368 vt
1116 2333 1209 2369 eius
1226 2330 1287 2368 fili
1303 2331 1530 2373 beneficio.
1553 2331 1751 2369 Altitudo
1768 2330 1996 2370 obseruata
2011 2332 2057 2368 in

411 2383 697 2428 portiunculis
713 2384 927 2430 graduum
945 2384 1230 2422 dirimeretur.
2093 2393 2126 2420 ⁴⁰

459 2435 708 2480 Jnhaerebat
730 2444 877 2474 autem
899 2437 967 2474 hic
986 2437 1221 2483 Quadrans
1238 2438 1458 2476 columnae
1480 2439 1636 2486 ligneae
1653 2437 1889 2485 Quercinae
1905 2437 2056 2476 admo·

411 2488 514 2525 dum
533 2490 672 2526 crassae
687 2489 723 2526 8(
741 2490 933 2531 robustae.
953 2491 1081 2537 idque
1099 2493 1124 2528 a
1142 2491 1362 2538 posteriori
1380 2499 1500 2538 parte
1518 2494 1638 2530 iuxta
1652 2491 1707 2533 G.
1725 2493 1845 2530 tereti
1862 2491 2056 2539 quodam

1928 2544 2056 2583 clauo
