2243 3225
386 194 453 231 100
760 186 1212 227 ASTRONOMIAE
1234 182 1656 223 INSTAURATAE

590 295 1022 342 HYPOTHESIS
1045 293 1252 339 LVNAE
1273 290 1822 337 REDINTEGRATA.
2056 304 2105 337 04

730 1659 1143 1704 EXPLICATIO
1167 1658 1687 1704 HYPOTHESEOS.

459 1728 515 1766 IT
531 1729 570 1766 A
587 1728 734 1771 Terra,
752 1727 966 1766 Centrum
983 1728 1179 1766 vniverfi.
1197 1729 1391 1766 Assumto
1404 1728 1437 1765 B
1453 1727 1618 1766 Centro
1635 1734 1758 1766 extra
1773 1733 1946 1771 terram,
1963 1727 2033 1765 de·
2070 1734 2090 1765 ὲ

472 1781 677 1820 scribatur
694 1793 746 1819 ex
759 1793 812 1819 eo
824 1781 1012 1819 circulus
1023 1793 1186 1829 parvus
1197 1793 1273 1830 per
1284 1781 1433 1819 Terrae
1445 1781 1575 1829 ipfius
1587 1781 1802 1820 Centrum
1813 1782 1867 1825 A,
1884 1782 1930 1819 in
1946 1791 2035 1828 quo

386 1835 598 1874 Centrum
611 1835 847 1873 Eccentrici
864 1834 1024 1882 FPRQ
1039 1841 1271 1873 moveatur
1287 1837 1358 1878 ita,
1375 1841 1422 1872 ut
1433 1836 1478 1872 in
1491 1835 1683 1882 qualibet
1703 1838 1737 1878 ό
1754 1834 1792 1873 81
1806 1832 1851 1884 (ξ)
1869 1845 1975 1872 vera
1989 1833 2036 1871 fit
2072 1842 2088 1867 ⁵

385 1891 429 1926 in
451 1890 503 1930 A.
528 1888 629 1926 hinc
652 1888 866 1930 ascendat,
890 1889 945 1927 ad
969 1888 1236 1936 duplicatam
1257 1888 1582 1936 elongationem
1604 1888 1743 1927 Lunae
1763 1899 1790 1927 a
1810 1899 1916 1926 vero
1938 1887 2036 1925 loco

385 1941 497 1980 Solis
514 1941 870 1989 prosthaphaerefi
887 1941 1132 1990 Epicyclica
1149 1940 1399 1984 correctam.
1421 1953 1497 1989 per
1514 1941 1569 1984 D,
1586 1948 1632 1979 ut
1649 1944 1694 1980 in
1710 1943 1833 1980 omni
1849 1940 2036 1989 quadra·

386 2001 482 2033 tura
499 1995 550 2032 fic
568 1996 744 2042 aequata
759 1997 805 2033 in
822 1995 872 2039 C,
893 1997 1089 2033 maxima
1105 2007 1131 2033 a
1147 1995 1283 2033 Terra
1300 1997 1543 2033 remotione
1560 1997 1814 2043 reperiatur.
1836 1994 1920 2034 Sed
1937 2005 2038 2032 cum

387 2048 625 2086 Anomalia
641 2049 669 2093 J)
682 2060 757 2095 per
768 2049 1066 2086 Eccentricum
1077 2060 1177 2086 cum
1188 2048 1392 2097 Epicyclo
1404 2060 1495 2086 non
1507 2049 1624 2096 possit
1636 2048 1843 2092 excusari,
1855 2046 2036 2086 assumfi·

387 2113 484 2139 mus
501 2101 645 2139 adhuc
661 2108 818 2148 praeter
834 2102 915 2140 hos
932 2102 1043 2140 duos
1059 2102 1197 2140 alium
1216 2113 1403 2149 parvum
1425 2102 1660 2146 circellum,
1682 2103 1807 2150 cujus
1823 2101 2037 2140 Centrum
2076 2107 2106 2134 ¹⁰

387 2156 431 2192 in
448 2154 797 2192 circumferentia
813 2157 942 2202 primi
959 2157 1017 2192 ita
1033 2162 1277 2197 moveatur.
1295 2162 1352 2197 ut.
1371 2166 1471 2193 cum
1490 2156 1519 2200 ))
1536 2155 1724 2194 fueritin
1738 2166 1920 2203 apogeo,
1936 2156 1983 2192 in
1994 2152 2036 2192 G

388 2209 639 2254 reperiatur.
658 2207 694 2245 δι
711 2207 763 2245 fic
781 2219 856 2255 per
874 2208 959 2245 LH
977 2208 1290 2250 descendendo,
1308 2208 1344 2246 &
1363 2208 1379 2246 Ι
1396 2211 1636 2256 perigaeum
1652 2208 1930 2251 transeundo,
1947 2218 2037 2246 rur·

388 2260 455 2298 sus
472 2260 684 2303 ascendat.
703 2261 841 2298 donec
858 2261 1053 2299 absoluta
1070 2263 1160 2299 una
1172 2262 1425 2300 Anomaliae
1443 2262 1730 2305 revolutione.
1748 2262 1867 2310 quod
1880 2263 1926 2299 in
1941 2256 2039 2310 lin-l

387 2314 498 2361 gulis
514 2314 564 2351 27
581 2314 732 2351 diebus
750 2314 790 2352 13
809 2314 945 2351 Horis
962 2314 1014 2352 18.
1034 2313 1059 2361 l.
1077 2315 1139 2352 35.
1159 2313 1201 2361 ll.
1220 2315 1386 2356 accidit,
1408 2316 1555 2353 denuo
1572 2317 1616 2353 in
1634 2315 1676 2354 G
1693 2326 1862 2364 apogeo
1879 2313 2037 2353 existat.
2065 2319 2114 2352 05

390 2367 437 2404 In
459 2367 637 2404 assumto
659 2367 742 2404 hoc
759 2367 931 2405 circello
949 2367 1122 2415 Corpus
1143 2368 1171 2412 Ι)
1189 2379 1233 2405 re
1251 2367 1384 2406 fertur
1401 2370 1471 2411 ita,
1493 2375 1539 2406 ut
1558 2380 1659 2407 cum
1676 2368 1891 2407 Centrum
1906 2367 2039 2416 hujus
2078 2373 2107 2400 ¹⁵

389 2419 516 2457 suerit
534 2422 578 2457 in
596 2419 637 2457 G
655 2432 836 2468 apogeo,
858 2427 960 2458 tunc
979 2421 1104 2458 Luna
1127 2423 1204 2458 erit
1226 2423 1270 2458 in
1288 2421 1339 2463 K.
1361 2420 1522 2468 puncto
1539 2428 1688 2460 centro
1706 2421 1896 2470 Epicycli
1911 2421 2039 2469 primi

389 2475 602 2519 proximo.
623 2473 771 2520 Hujus
788 2480 934 2510 autem
949 2473 1123 2512 Circelli
1141 2480 1286 2511 motus
1303 2477 1547 2513 contrarius
1564 2475 1631 2517 est.
1649 2475 1686 2513 &
1703 2475 1862 2523 duplus
1879 2474 1934 2513 ad
1948 2484 2039 2512 mo·

1947 2533 2040 2566 tum
