2243 3225
450 197 516 234 164
823 190 1278 229 ASTRONOMIAE
1300 186 1722 227 INSTAURATAE

450 312 599 338 nerem
615 298 830 336 monstrat.
853 297 984 334 Hanc
1001 307 1101 334 cum
1117 296 1406 334 adiecerimus
1422 293 1674 331 Ascenfioni
1690 291 1832 331 Rec'tae
1851 295 1895 338 G>
1914 294 2015 332 visae
2030 293 2094 332 su·
2122 302 2181 335 159

449 356 594 401 petius
616 353 810 399 cognitae,
831 351 1035 397 prouenit
1055 348 1144 387 visa
1164 347 1366 386 Ascenfio
1387 345 1517 385 Recta
1540 349 1567 390 Ω
1589 346 1633 384 Ρ.
1654 346 1717 385 30.
1741 345 1766 394 l.
1788 347 1851 385 42.
1875 345 1918 395 ll.
1940 347 2003 391 28,
2025 349 2096 386 cui

450 406 595 444 addita
611 404 829 442 Parallaxi
845 403 939 440 Asc.
958 401 983 450 l.
1001 402 1037 440 Ο.
1057 400 1099 449 ll.
1117 402 1180 445 32,
1198 401 1236 439 8(
1253 398 1538 439 Refractionis
1559 411 1737 447 quoque
1754 411 1842 447 quo
1859 400 1914 438 ad
1930 400 2095 448 AEqua-

448 466 586 496 torem
607 457 897 495 infinuatione
914 455 1091 494 aliunde
1108 456 1292 502 cognita,
1311 452 1336 501 l.
1349 454 1385 491 Ο.
1400 451 1443 501 ll.
1455 453 1519 497 30,
1537 455 1615 491 erit
1630 464 1736 491 vera
1750 453 1845 491 Asc.
1862 452 1974 492 Recl.
1995 457 2022 497 Q
2040 454 2095 492 ad

450 512 532 549 hoc
548 517 718 558 tempus
735 510 777 547 P.
795 509 857 547 30.
877 507 901 556 l.
919 509 981 546 43.
1001 506 1043 555 ll.
1061 508 1124 552 30,
1142 519 1277 555 quam
1293 509 1435 554 primo
1451 512 1604 544 notam
1621 507 1697 544 esse
1714 508 1917 554 oportuit.
2132 521 2148 546 ⁵

502 564 668 601 Eodem
684 563 768 600 Die
781 563 823 599 P.
836 562 899 599 M.
913 562 1023 599 Hor.
1037 562 1072 599 7.
1086 561 1149 598 M.
1162 562 1198 605 5,
1216 560 1414 598 distantia
1429 559 1765 597 interVenerem
1778 559 1815 597 &
1828 559 2021 598 Oculum
2037 562 2095 605 ὅ,

449 623 554 665 part.
578 617 640 654 30.
665 618 769 653 min.
793 615 843 653 59
867 614 1095 652 obseruata
1123 614 1190 658 est,
1217 624 1394 660 vnaque
1417 612 1666 651 Declinatio
1687 613 1883 657 Veneris,
1910 618 2018 661 part.
2042 613 2095 652 15.

448 673 551 708 min.
574 670 623 707 25
632 672 642 707 ‚¹‚
668 670 820 706 Borea.
849 668 1048 705 Altitudo
1072 669 1165 705 eius
1187 667 1260 707 27}
1280 672 1388 714 part.
1410 666 1519 704 alias
1540 671 1689 704 autem
1714 665 1985 704 obtinuimus
2010 666 2096 704 De-

449 724 729 761 clinationem
742 721 870 760 Oculi
887 722 945 765 b),
963 732 985 758 e
1002 722 1127 758 certis
1140 719 1530 758 Obseruationibus
1546 731 1604 767 gr.
1617 720 1670 757 15.
1687 721 1793 757 min.
1805 719 1868 758 36.
1885 719 1971 758 His
1987 719 2097 758 datis

450 776 532 814 hoc
549 776 682 813 modo
698 774 916 821 Vtriusque
933 773 1179 812 differentia
1193 772 1512 811 Ascenfionalis
1528 772 1843 820 inquirebatur.
2136 786 2166 812 ιο

703 833 746 884 Α
1032 827 1082 864 In
1098 826 1182 864 hoc
1198 826 1428 865 Schemate
1444 825 1490 864 fit
1505 827 1546 863 A
1563 826 1695 864 Polus
1710 825 1977 873 AEquatoris,
1998 826 2033 864 B
2052 829 2096 870 Ω,

980 880 1017 918 C
1035 880 1202 918 Oculus
1223 882 1281 924 ὅ,
1303 879 1387 917 DE
1403 881 1544 927 portio
1560 879 1827 927 AEquatoris,
1848 879 1904 917 ad
1920 891 2056 927 quam
2071 891 2098 918 a

979 933 1086 971 Polo
1103 935 1196 971 eius
1212 944 1289 980 per
1304 933 1402 971 loca
1417 933 1519 971 data
1534 934 1580 970 in
1594 932 1628 970 B
1641 932 1679 970 8(
1692 932 1728 971 C
1745 932 2005 971 descendant
2016 933 2096 971 Ar-

980 998 1055 1024 cus
1073 986 1238 1025 Circuli
1254 988 1437 1024 maximi
1453 985 1544 1023 AD
1562 985 1600 1023 8(
1615 986 1710 1023 ΑΕ.

1032 1039 1298 1087 Triangulus
1314 1038 1442 1077 BAC
1459 1039 1515 1077 est
1531 1039 1736 1077 datorum
1751 1039 1976 1083 Laterum:
1998 1039 2096 1083 CA,
2136 1052 2164 1078 ιε

979 1093 1022 1130 P.
1035 1093 1097 1131 74.
1109 1091 1134 1140 l.
1145 1093 1208 1137 24,
1226 1092 1616 1140 Complementum
1632 1092 1952 1130 Declinatiom's
1966 1092 2097 1131 Alde-

979 1147 1112 1184 borae.
1125 1146 1216 1190 ΒΑ,
1230 1146 1343 1184 Ρ.74.
1358 1144 1383 1194 l.
1394 1146 1444 1184 34
1452 1147 1479 1189 ἓ,
1493 1145 1882 1193 Complementum
1893 1145 2097 1184 Declina-

979 1202 1110 1237 tionis
1130 1203 1173 1243 Q.
1192 1199 1284 1244 BC,
1301 1199 1344 1237 Ρ.
1361 1199 1424 1237 30.
1443 1198 1469 1247 Ι.
1486 1200 1549 1243 59,
1567 1199 1765 1237 distantia
1780 1201 1893 1238 inter
1907 1199 2097 1238 Aldebo-

495 1252 534 1297 C
980 1264 1076 1291 ram
1088 1252 1126 1290 8(
1141 1256 1183 1296 Ω.
1197 1252 1347 1299 Quare
1359 1264 1451 1291 non
1462 1253 1610 1291 latebit
1619 1252 1822 1301 Angulus
1834 1252 1966 1297 CAB,
1978 1252 2022 1291 P.
2034 1252 2096 1291 32.

906 1335 944 1381 B
982 1305 1007 1354 Ι.
1025 1307 1069 1344 11.
1088 1305 1131 1354 ll.
1149 1306 1185 1351 6,
1206 1306 1296 1354 ipsa
1312 1305 1558 1344 differentia
1573 1305 1891 1344 Ascenfionalis
1907 1305 2096 1354 quaefita.
2133 1318 2165 1344 zo

1033 1360 1199 1397 Verum
1208 1365 1251 1397 vt
1259 1359 1460 1398 Ascenfio
1471 1358 1601 1398 Recta
1607 1359 1790 1397 Veneris
1799 1360 1855 1398 ad
1864 1361 1985 1407 prius
1993 1365 2097 1398 tem—

980 1424 1062 1460 pus
1076 1419 1193 1457 nota,
1208 1413 1294 1451 huc
1308 1411 1677 1457 accommodetur,
1692 1413 1744 1451 de
1759 1413 1918 1451 diurno
1931 1418 2055 1451 motu
2069 1416 2096 1456 Ω

463 1482 512 1524 D
913 1489 956 1530 E
981 1465 1172 1514 respectu
1187 1466 1442 1514 AEquatoris
1456 1468 1531 1514 qui
1545 1472 1648 1504 tunc
1665 1471 1756 1505 erat
1773 1464 1816 1514 ll.
1833 1467 1897 1510 57,
1914 1466 2099 1505 addatur

980 1531 1081 1567 pars
1101 1520 1441 1567 proportionalis
1462 1526 1714 1567 competens
1735 1520 1846 1558 Hor.
1863 1519 1899 1558 3.
1922 1518 1948 1567 Ι.
1965 1519 2017 1558 30
2035 1521 2098 1558 in-

451 1572 642 1620 terlapfis
654 1574 822 1619 vtrique
836 1571 1156 1617 Obseruationi,
1173 1573 1356 1611 Veneris
1372 1574 1428 1612 ad
1444 1573 1604 1617 Solem,
1622 1573 1660 1611 8(
1676 1573 1946 1612 Aldeboram
1962 1571 2098 1617 saetae,
2133 1584 2164 1610 25

453 1637 552 1673 quae
570 1625 624 1663 est
641 1624 666 1673 l.
683 1626 719 1664 8.
739 1624 781 1673 ll.
799 1625 852 1669 18,
875 1625 912 1662 8(
934 1628 1011 1664 erit
1027 1626 1230 1665 Ascenfio
1246 1627 1363 1665 illius
1383 1627 1439 1665 ad
1459 1627 1662 1665 vltimum
1682 1626 1766 1665 hoc
1784 1632 1957 1675 tempus
1976 1626 2019 1664 P.
2036 1626 2098 1665 30.

454 1678 478 1726 l.
496 1680 550 1717 51.
569 1677 612 1726 ll.
629 1679 691 1717 48.
714 1680 771 1716 At
788 1680 1001 1726 quoniam
1021 1683 1048 1723 Ω
1066 1685 1169 1718 tunc
1190 1680 1343 1718 habuit
1358 1680 1539 1718 Altitud.
1557 1680 1599 1718 P.
1616 1680 1702 1724 273,
1719 1682 1846 1729 igitur
1864 1682 1997 1719 etiam
2016 1679 2099 1718 hoc

452 1733 548 1770 loco
566 1732 862 1770 Parallaxium
879 1735 989 1770 ratio
1007 1736 1085 1771 erit
1101 1733 1317 1772 habenda.
1337 1734 1462 1772 quta
1479 1734 1684 1782 Figuram
1699 1735 1847 1781 itaque
1863 1745 1942 1781 pro
1956 1733 2099 1772 Paral-

452 1786 539 1823 laxi
552 1786 731 1823 Altitud.
744 1787 1026 1831 inuenienda,
1041 1786 1283 1825 adhibitam
1296 1787 1504 1835 superius,
1517 1789 1707 1825 innotuit
1718 1787 1959 1826 Parallaxis
1969 1787 2100 1825 huius

451 1839 706 1876 Altitudinis
724 1837 749 1886 l.
767 1839 803 1876 3.
822 1837 865 1886 ll.
882 1840 945 1883 45,
967 1842 1089 1878 iuxta
1105 1841 1289 1879 alteram
1304 1852 1410 1879 vero
1427 1841 1754 1889 Figurationem
1769 1840 2011 1879 Parallaxis
2026 1839 2099 1878 As-
2134 1850 2166 1878 ³⁰

450 1892 661 1929 censionis
679 1891 819 1930 Rectae
840 1894 1023 1932 inuenta
1046 1893 1100 1932 est
1118 1892 1143 1941 l.
1161 1894 1197 1931 2.
1216 1892 1259 1941 ll.
1277 1895 1312 1932 7.
1336 1893 1438 1940 Qua
1459 1892 1672 1932 subtracta
1693 1894 1747 1932 ab
1764 1893 2025 1932 Ascenfione
2045 1893 2100 1932 ad

450 1945 712 1992 postremum
724 1945 808 1983 hoc
820 1952 992 1993 tempus
1004 1946 1176 1990 directa,
1190 1947 1450 1995 relinquitur
1457 1947 1660 1986 Ascenfio
1671 1946 1800 1986 Recta
1807 1947 1991 1986 Veneris
1999 1946 2099 1991 visa.

451 1999 491 2035 P.
510 1998 572 2036 30.
590 2001 693 2036 min.
712 1999 773 2036 49.
791 1999 867 2036 sec.
885 2000 939 2037 41.
958 2000 1089 2046 Quod
1107 2000 1136 2038 fi
1152 2001 1254 2038 huic
1271 2001 1561 2039 adiecerimus
1577 2000 1870 2039 differentiam
1881 2000 2099 2039 Ascenfio-

451 2052 597 2089 nalem
619 2054 729 2089 inter
744 2052 963 2090 Venerem
980 2053 1017 2090 8(
1034 2054 1304 2092 Aldeboram
1324 2055 1459 2102 paulo
1481 2060 1581 2093 ante
1603 2054 1864 2102 inquisitam,
1886 2054 2100 2093 conflatur

451 2105 651 2142 Ascensio
673 2104 801 2143 Recta
823 2105 951 2143 Oculi
973 2110 1030 2151 bs,
1052 2113 1159 2154 part.
1182 2108 1244 2146 63.
1268 2107 1293 2155 l.
1315 2108 1351 2146 O.
1376 2107 1418 2155 ll.
1440 2109 1503 2150 47.
1525 2119 1626 2156 quae
1647 2107 1943 2155 quaerebatur:
1965 2106 2098 2146 Diffe-
2132 2117 2164 2144 ω

451 2160 588 2195 rentia
602 2170 706 2195 vero
719 2158 1035 2198 Ascenfionalis
1050 2162 1161 2198 inter
1173 2161 1443 2199 Aldeboram
1456 2161 1493 2199 &
1506 2162 1717 2200 Lucidam
1731 2167 1792 2204 V.
1809 2163 1934 2199 cuius
1949 2161 2098 2209 potissi-

452 2222 572 2248 mum
586 2211 891 2249 Ascensionem
905 2212 1080 2251 Rectam
1093 2214 1348 2261 cognoscere
1361 2215 1491 2256 lubet.
1509 2227 1561 2253 ex
1574 2217 1698 2253 certis
1712 2214 2099 2253 obseruationibus

451 2264 609 2301 constat
623 2272 728 2311 part.
740 2265 801 2302 37.
815 2268 967 2303 minut.
979 2266 1014 2304 3.
1028 2267 1103 2304 sec.
1116 2268 1168 2305 15.
1182 2267 1296 2313 Quae
1309 2268 1414 2306 dum
1427 2268 1622 2306 aufertur
1633 2269 1687 2307 ab
1700 2267 1960 2306 Ascenfione
1973 2265 2099 2306 Recta

452 2317 579 2355 Oculi
598 2321 654 2358 Ἣ.
674 2325 867 2356 remanet
881 2319 1082 2357 Ascenfio
1100 2320 1276 2358 Lucidae
1292 2327 1336 2360 V
1351 2328 1457 2369 part.
1470 2322 1533 2360 25.
1553 2321 1577 2368 Ι.
1591 2322 1652 2360 57.
1668 2320 1710 2368 ll.
1723 2321 1786 2364 32,
1804 2333 1904 2369 quae
1920 2327 1964 2359 vt
1979 2323 2098 2360 iuxta

452 2370 716 2417 propositum
739 2371 929 2409 nostrum
947 2373 1001 2410 ad
1019 2374 1202 2410 Annum
1220 2374 1454 2413 CHRISTI
1472 2375 1739 2423 completum
1758 2375 1852 2414 1585
1870 2373 2097 2413 transfera·
2131 2382 2163 2410 ο

451 2430 531 2465 tur.
554 2424 770 2461 addantur
791 2427 943 2463 minut.
962 2426 996 2463 3.
1020 2426 1095 2464 sec.
1114 2427 1166 2468 12.
1189 2439 1267 2474 pro
1284 2429 1428 2465 Annis
1444 2429 1479 2466 3.
1507 2425 1522 2478 ΙΙ
1549 2428 1774 2467 Menfibus
1790 2429 1843 2471 10.
1865 2427 2014 2467 habita
2033 2437 2096 2466 ra·
2122 2428 2177 2464 1⁶⁰

452 2479 568 2514 tione
582 2480 869 2524 promotionis
883 2481 1048 2517 interea
1060 2479 1183 2517 saclae
1198 2480 1446 2518 Affixarum
1459 2481 1706 2524 Stellarum.
1723 2482 1776 2520 de
1791 2493 1879 2529 qua
1894 2481 1970 2520 suo
1985 2481 2096 2523 loco:

1968 2540 2096 2582 atque
