2164 3246
421 218 1081 259 PROGYMNASMATUM
1103 217 1307 255 PRIMA
1330 215 1481 254 PARS
1714 213 1782 251 221

128 328 330 365 notitiam
350 328 674 374 perueniemus‚
696 327 828 374 idque
849 338 926 374 per
946 328 1125 364 vnicum
1141 323 1432 372 Triangulum
1454 322 1575 360 DHI
1597 333 1650 359 ex
1672 321 1782 358 datis

128 379 334 418 omnibus
357 381 451 417 eius
475 380 714 418 Lateribus.
740 380 805 418 Est
829 382 948 418 enim
971 379 1067 417 DH
1091 378 1290 416 distantia
1311 377 1519 415 Polorum
1541 375 1721 413 Zodiaci
1745 373 1783 411 &

127 433 394 481 AEquatoris,
412 433 597 480 aequalis
614 433 913 471 Declinationi
929 433 1051 471 Max.
1068 432 1288 479 Eclipticae
1305 443 1332 469 a
1347 430 1474 468 nobis
1491 429 1659 476 aliquot
1674 439 1783 475 prae-

127 488 263 525 teritis
274 487 430 531 Annis,
448 485 655 524 subtiliter
667 486 705 524 8(
717 492 833 524 certo
850 487 1103 524 adinuentae
1116 486 1158 523 P.
1171 485 1234 523 23.
1250 483 1274 532 l.
1288 484 1364 523 31¹2.
1382 484 1515 521 Latus
1530 482 1597 520 DI
1611 480 1783 528 Compl.

76 554 92 579 ⁵
130 540 252 578 Decl.
269 539 409 587 Spicae
428 545 475 588 m)
493 539 536 578 P.
553 540 606 578 81.
627 538 651 587 l.
669 539 705 577 3.
725 538 768 587 sl.
785 540 848 578 40.
871 540 1004 578 Latus
1021 539 1092 577 1-11
1110 539 1164 577 est
1182 537 1354 585 Compl.
1372 536 1558 575 Latitud.
1577 535 1717 582 Spicae
1735 540 1783 582 np

129 594 172 632 P.
185 593 248 632 88.
262 591 275 641 Ι
281 624 288 631 .
301 594 328 631 l.
346 593 431 631 His
442 595 590 640 itaque
602 593 739 631 tribus
751 596 810 631 ita
821 593 861 631 se
874 593 1136 631 habentibus
1148 604 1224 640 per
1235 590 1572 638 Triangularem
1583 589 1785 636 supputa-

129 649 296 685 tionem
318 646 407 684 leui
430 648 613 694 negocio
637 646 844 684 constabit
867 647 1071 694 Angulus
1095 646 1216 683 IHD
1240 651 1348 692 part.
1366 644 1418 682 71.
1438 642 1463 691 l.
1480 643 1543 681 56.
1563 641 1605 690 ll.
1623 642 1686 685 35,
1711 643 1786 688 qui

130 700 351 739 mensurat
367 699 612 738 distantiam
629 699 769 747 Spicae
787 706 835 748 m>
853 712 879 738 a
896 700 1063 738 Coluro
1081 699 1248 746 Solstitij
1270 698 1488 746 Hyberni;
1506 707 1595 743 qua
1611 696 1663 733 de
1681 706 1786 742 qua-

131 754 284 792 drante
307 753 486 797 sublata,
509 753 640 800 ipsius
661 753 715 791 ab
736 752 1019 800 AEquinoctio
1041 751 1305 790 Autumnali
1326 752 1524 793 remotio,
1548 748 1787 787 secundum

63 819 94 846 ιο
131 805 310 846 ᾱυᾶιιω
335 806 555 854 Eclipticae
581 818 673 844 non
697 806 968 854 ignorabitur
993 807 1035 844 P.
1061 806 1114 844 18.
1140 804 1165 853 l.
1188 806 1223 843 3.
1250 804 1292 853 ll.
1314 805 1376 842 25.
1404 805 1549 851 Atque
1575 802 1671 840 haec
1697 807 1788 839 erat

131 860 285 899 Aristae
306 860 554 908 Longitudo
574 859 659 898 hoc
679 860 813 898 modo
834 860 889 898 ad
911 858 1073 898 dictum
1093 859 1288 906 Tempus
1310 863 1492 905 reperta,
1515 867 1616 904 quae
1637 855 1666 892 fi
1687 866 1787 893 con-

131 914 296 953 feratur
307 925 408 952 cum
420 925 485 958 ea,
502 925 603 961 quae
615 913 812 961 superius
824 925 846 951 e
859 914 1025 951 Lucida
1039 919 1099 956 V,
1117 910 1526 950 intermediantibus
1543 911 1675 947 etiam
1692 908 1789 956 alijs

133 967 275 1007 stellis
290 979 367 1015 per
383 967 603 1006 distantias
620 967 659 1005 &
675 967 797 1005 Decl.
815 966 994 1005 collecta
1014 966 1081 1010 est,
1103 968 1391 1014 perexiguum
1407 965 1632 1002 inuenitur
1649 961 1788 1000 discri-

132 1033 248 1061 men.
270 1021 391 1059 Nam
411 1020 658 1059 differentia
674 1020 993 1058 Ascenfionalis
1012 1022 1124 1058 inter
1139 1019 1255 1057 hanc
1273 1018 1310 1056 &
1327 1019 1429 1056 Luc.
1449 1023 1510 1061 V,
1532 1017 1574 1054 P.
1592 1016 1672 1054 169.
1692 1014 1717 1063 Ι.
1734 1016 1788 1053 51.

45 1080 110 1113 219
135 1074 179 1125 ll.
190 1075 242 1114 25
258 1071 273 1125 ΙΙ
290 1074 438 1113 addita
449 1074 619 1112 Ascens.
632 1073 775 1113 Rectae
789 1074 968 1112 Lucidae
982 1080 1028 1113 V
1043 1079 1173 1112 antea
1190 1072 1428 1110 constitutae
1445 1071 1488 1108 P.
1501 1070 1564 1108 26.
1579 1068 1604 1117 l.
1617 1070 1675 1113 035,
1692 1080 1790 1116 pro-

134 1129 251 1168 ducit
266 1127 361 1167 Asc.
379 1128 425 1166 R.
443 1127 596 1166 Aristae
617 1128 660 1166 P.
678 1128 758 1166 195.
778 1126 803 1175 l.
821 1128 874 1166 51.
894 1126 937 1175 ll.
954 1128 1017 1171 55,
1040 1127 1078 1165 8(
1098 1125 1320 1164 viceuersa
1341 1136 1433 1163 rem
1454 1124 1570 1162 hanc
1591 1133 1789 1170 compro-

133 1182 294 1226 bando,
310 1181 558 1220 differentia
568 1181 739 1219 Ascens.
753 1181 931 1219 Lucidae
950 1187 995 1221 V
1016 1180 1053 1218 8(
1070 1180 1200 1218 clarae
1212 1179 1409 1217 Vulturis
1424 1177 1569 1216 Stellae
1588 1177 1648 1223 (vt
1664 1176 1792 1223 supra

135 1235 349 1275 ostensum
361 1235 433 1282 est)
450 1234 582 1274 habet
593 1235 636 1273 P.
648 1235 711 1274 93.
727 1233 752 1283 l.
765 1235 828 1272 22.
844 1233 886 1283 ll.
899 1234 962 1277 58.
981 1246 1069 1282 qua
1081 1232 1293 1272 subtracta
1305 1233 1358 1270 ab
1371 1231 1465 1269 Asc.
1480 1231 1525 1268 R.
1539 1230 1716 1268 Lucidae
1731 1235 1792 1273 V,

135 1289 332 1329 Vulturis
354 1288 557 1327 Ascenfio
580 1287 692 1328 Rect.
716 1290 922 1336 prouenit
945 1288 988 1326 P.
1005 1288 1094 1326 292.
1119 1286 1143 1335 l.
1162 1287 1224 1325 37.
1246 1285 1288 1334 ll.
1307 1286 1369 1324 32.
1395 1285 1439 1323 Si
1462 1284 1608 1322 rursus
1631 1284 1685 1321 ab
1710 1282 1793 1320 hac

66 1354 100 1380 20
136 1343 440 1383 abstulerimus
460 1342 706 1381 distantiam
721 1342 1032 1389 AEquatoriam
1053 1341 1193 1388 Spicae
1215 1340 1253 1378 8(
1275 1337 1399 1377 dic‘tae
1416 1338 1613 1376 Vulturis
1634 1336 1793 1379 Stellae,

137 1408 238 1445 quae
255 1396 310 1435 est
325 1396 369 1435 P.
385 1396 449 1435 96.
468 1394 494 1444 l.
511 1397 574 1435 45.
594 1395 637 1444 ll.
654 1396 708 1441 10,
730 1395 901 1434 refidua
917 1397 995 1433 erit
1012 1395 1152 1442 Spicae
1169 1394 1359 1441 Virginis
1376 1392 1469 1430 Asc.
1489 1391 1534 1429 R.
1556 1391 1641 1428 hoc
1661 1390 1794 1428 modo

137 1449 330 1495 collecta,
347 1450 390 1488 P.
408 1450 488 1488 195.
508 1448 533 1498 l.
550 1450 614 1488 52.
633 1448 676 1498 sl.
693 1449 757 1494 22,
779 1461 880 1497 quae
897 1451 1090 1497 priorem
1107 1450 1200 1486 eius
1217 1446 1527 1484 Ascenfionem
1545 1443 1588 1492 ll.
1605 1444 1655 1482 27
1673 1454 1795 1481 exce-

138 1505 210 1544 dit.
226 1503 498 1551 Accipiendo
512 1505 660 1551 itaque
672 1503 869 1541 medium
881 1502 1101 1549 Vtriusque
1114 1501 1254 1549 Spicae
1266 1500 1468 1548 Virginis,
1486 1497 1796 1536 Ascenfionem

139 1557 316 1597 Rectam
339 1557 438 1596 satis
463 1557 639 1605 praecise
665 1568 986 1604 componemus
1011 1561 1118 1603 part.
1142 1555 1222 1593 195.
1248 1552 1272 1602 l.
1298 1554 1382 1597 5231,
1409 1564 1510 1600 quae
1536 1551 1574 1589 8(
1599 1551 1796 1598 superius

69 1621 102 1647 2⁵
139 1616 352 1651 annotata
372 1611 439 1655 est,
461 1613 532 1649 cui
552 1610 749 1649 adhibita
770 1611 871 1648 data
893 1610 1201 1648 Declinatione
1223 1608 1265 1645 P.
1283 1607 1319 1645 8.
1339 1605 1363 1654 l.
1381 1606 1466 1649 561,
1492 1603 1797 1652 correspondet

139 1665 386 1714 Longitudo
403 1666 498 1703 eius
518 1666 565 1702 in
585 1670 692 1712 part.
710 1664 764 1702 18.
784 1662 809 1712 l.
826 1664 873 1703 3⁷.}
894 1667 952 1706 g..
975 1663 1022 1701 Id
1043 1662 1162 1710 quod
1183 1662 1237 1699 ab
1259 1658 1475 1699 antedicta
1491 1657 1796 1706 Longitudine,

140 1730 194 1758 ex
209 1719 519 1758 Declinatione
537 1717 575 1756 &
591 1718 840 1756 Latitudine
857 1717 1111 1759 adinuenta‚
1129 1714 1425 1753 insensibiliter
1442 1712 1596 1751 deficit.

193 1774 390 1821 Apparet
409 1774 557 1819 itaque
579 1771 617 1809 8(
638 1771 691 1810 fic
711 1771 1017 1809 ratiocinando
1039 1769 1274 1808 Stellarum
1292 1767 1544 1805 Affixarum
1564 1765 1798 1803 Terminos

141 1827 384 1867 admodum
399 1825 645 1873 scrupulose
657 1824 1005 1863 &indubitanter
1021 1824 1097 1862 esse
1115 1834 1141 1860 a
1157 1822 1284 1860 nobis
1301 1819 1521 1868 dispositos
1538 1824 1669 1866 atque
1686 1818 1796 1855 limi-

70 1889 104 1915 30
139 1886 265 1925 tates,
285 1885 330 1918 vt
345 1879 479 1918 fidem
495 1881 773 1927 interponere
790 1878 940 1921 ausim,
963 1889 1018 1915 ne
1035 1876 1200 1924 dimidij
1221 1874 1400 1923 quidem
1417 1874 1575 1911 minuti
1592 1874 1638 1909 in
1653 1871 1722 1909 his
1739 1872 1798 1909 cis

140 1934 211 1974 vel
219 1934 330 1973 vltra
341 1934 642 1972 deuiationem
653 1934 881 1976 committi:
895 1932 950 1970 ad
963 1936 1177 1978 quantam
1188 1927 1501 1977 praecisionem,
1515 1938 1573 1964 an
1585 1923 1798 1964 hactenus

140 1999 339 2036 vnquam
360 1992 624 2035 peruentum
647 1986 705 2031 sit,
729 1986 922 2024 iudicent
944 1985 1020 2029 illi,
1044 1986 1119 2031 qui
1142 1995 1234 2021 rem
1258 1981 1624 2023 Astronomicam,
1648 1980 1798 2026 reique

141 2041 371 2091 propositae
387 2040 553 2079 molem
568 2045 700 2087 atque
717 2039 1019 2078 difficultatem
1035 2039 1225 2086 penitius
1241 2035 1603 2082 introspexerunt.

195 2094 500 2143 Comprobaui
516 2096 649 2132 etiam
665 2093 851 2141 idipsum
867 2092 1065 2140 pluribus
1081 2091 1237 2134 modis,
1255 2089 1423 2127 collatis
1440 2099 1531 2125 non
1542 2088 1695 2134 paucis
1707 2084 1800 2123 dili-

72 2156 106 2182 35
142 2149 341 2198 gentibus
365 2147 770 2191 obseruationibus,
793 2158 870 2194 per
891 2147 1078 2189 Lunam,
1102 2156 1128 2183 a
1151 2144 1251 2182 Sole
1275 2142 1464 2180 interdiu
1488 2141 1800 2180 examinatam.

143 2201 363 2250 noctuque
386 2201 442 2240 ad
466 2201 621 2240 Stellas
644 2206 958 2248 comparatam,
985 2199 1116 2246 idque
1141 2198 1374 2244 aliquoties
1397 2201 1487 2233 tarn
1510 2205 1642 2232 inane
1666 2203 1801 2240 quam

142 2256 320 2304 vesperi,
343 2255 520 2294 sublatis
542 2254 843 2293 Parallaxium
867 2253 905 2291 &
929 2250 1257 2291 Refractionum
1280 2249 1617 2297 impedimentis,
1642 2247 1801 2284 maiori

143 2309 252 2349 forte
276 2309 607 2349 Obseruationis
629 2304 946 2357 certitudinez&
969 2306 1251 2354 Organorum
1275 2300 1691 2350 competentioribus
1714 2310 1801 2337 me-

144 2363 238 2412 diis,
255 2374 392 2411 quam
407 2374 434 2401 a
449 2362 680 2400 Veteribus
696 2363 742 2399 in
759 2360 970 2399 consimili
988 2361 1171 2407 negocio
1188 2356 1431 2396 factitatum
1449 2355 1515 2393 en.

75 2425 108 2451 ⁴⁰
197 2407 1803 2464 IdemquoqueinaliquotEclipsibusLunaribus,LunaelocoaSolaricirca

145 2469 390 2518 oppositum
400 2471 494 2508 eius
501 2469 710 2513 versante,
721 2468 969 2510 emendato,
978 2466 1015 2504 8(
1023 2467 1078 2505 ad
1088 2466 1216 2503 Fixas
1224 2466 1391 2502 vicinas
1401 2467 1669 2509 comparato,
1681 2458 1802 2497 adhi-

143 2524 233 2563 bita
244 2523 369 2562 simul
378 2523 660 2562 Parallaxeos
670 2522 708 2560 8(
719 2520 1003 2560 Κ6ἱτ3<ῗὶίοῐι15
1015 2519 1308 2558 insinuatione
1321 2517 1549 2564 diligenter
1560 2513 1803 2601 explorati}i
