2243 3225
376 202 425 240 64
752 193 1205 235 ASTRONOMIAE
1226 188 1648 230 INSTAURATAE

1066 299 1178 336 Haec
1203 295 1527 335 Refraetionum
1553 294 1608 332 ad
1634 293 1782 332 Solem
1804 293 1912 331 visui
1937 293 2020 331 sese
2054 300 2095 332 79

1013 351 1329 389 insinuantium
1344 348 1538 392 Tabella‚
1561 349 1719 395 exigua
1740 347 1929 394 quidem,
1951 345 2021 384 sed

1013 416 1174 452 magno
1192 403 1229 441 &
1246 404 1416 441 diutino
1433 401 1796 439 creberrimarum
1808 399 2021 438 Obserua-

1013 460 1185 496 tionum
1196 457 1345 495 labore
1356 460 1622 502 comparata,
1635 452 1809 491 exhibet
1821 452 2021 490 differen-

935 518 945 526 ²
1014 513 1132 554 tiam,
1154 521 1243 557 qua
1263 509 1372 548 SOL
1392 511 1438 545 in
1457 507 1601 545 nostro
1621 506 1821 550 Climate‚
1843 503 2022 543 refradte
2060 514 2075 539 5

1015 564 1142 602 altior
1167 566 1212 601 in
1236 562 1414 601 Circulo
1438 560 1643 598 Verticali
1668 564 1861 607 apparet,
1888 570 2023 606 quam

1015 629 1171 655 reuera
1183 616 1250 654 est.
1268 616 1319 653 Et
1334 616 1432 653 licet
1448 614 1543 651 haec
1559 613 1658 651 satis
1673 612 1858 651 fideliter
1874 623 1897 650 e
1913 611 2023 650 mul-

1015 673 1068 708 tis
1079 667 1534 708 animaduersionibus
1545 668 1737 704 inuicem
1747 665 1914 704 collatis
1924 676 2023 703 con-

1016 726 1192 762 cinnata
1207 722 1265 767 sit,
1283 721 1440 769 easque
1457 719 1764 763 Refractiones‚
1782 730 1882 766 quae
1895 717 2024 757 Coelo

1015 777 1166 815 sereno
1178 776 1465 823 vtplurimum
1477 774 1736 812 oboriuntur
1752 772 1900 810 sedulo
1916 782 2025 819 prae-
2066 779 2096 804 ιο

1017 830 1152 873 finiat,
1180 835 1329 867 tamen
1354 830 1459 875 quia
1484 838 1576 865 non
1603 826 1770 873 semper
1793 825 1948 863 eadem
1971 823 2026 862 est

1017 885 1130 921 aeris
1153 884 1331 930 puritas,
1355 880 1450 919 fieri
1470 880 1614 928 potest,
1635 885 1679 917 vt
1701 879 1772 917 hae
1793 878 2025 921 interdum,

1018 936 1199 974 dimidio
1229 934 1430 982 scrupulo
1460 939 1535 972 aut
1564 933 1673 971 forte
1703 934 1836 970 etiam
1860 933 2026 979 integro

1018 991 1229 1037 proxime,
1253 990 1313 1026 cis
1335 987 1405 1025 vel
1427 987 1539 1025 vltra
1560 986 1600 1024 se
1624 985 1872 1029 exhibeant,
1895 984 2027 1032 idque

1018 1041 1255 1090 praesertim
1277 1044 1323 1079 in
1345 1042 1496 1088 primis
1517 1041 1683 1077 circiter
1703 1039 1754 1077 20
1774 1037 2029 1076 Altitudinis
2069 1045 2099 1070 ¹⁵

1019 1096 1227 1143 partibus,
1244 1106 1345 1132 cum
1357 1093 1466 1132 SOL
1478 1093 1702 1135 decliuior,
1718 1102 1936 1140 vaporum
1951 1093 2030 1128 im·

1020 1148 1280 1196 pedimentis
1288 1147 1326 1185 &
1333 1146 1580 1190 diuerfitati,
1588 1148 1727 1193 magis
1734 1145 1953 1183 obnoxius
1963 1143 2029 1182 est.

1021 1202 1213 1249 Ideoque
1222 1203 1415 1249 priorem
1421 1199 1605 1238 Tabulae
1616 1199 1871 1237 columnam
1882 1197 2031 1236 saltem

1021 1256 1077 1293 ad
1094 1255 1183 1302 ipsa
1198 1256 1382 1297 minuta,
1399 1253 1469 1291 vel
1484 1252 1646 1290 horum
1666 1251 1858 1296 semisses,
1880 1256 1956 1290 aut
1976 1250 2031 1289 ad

1021 1310 1257 1346 minimum
1283 1307 1550 1355 quadrantes
1575 1305 1803 1349 construxi,
1834 1316 1887 1342 eo
1913 1304 2032 1352 quod
2069 1311 2103 1337 2⁰

393 331 625 370 TABVLA
645 327 946 367 REFRACTI-

459 381 606 414 ONVM
625 379 881 412 SOLARIVM

1022 1361 1216 1400 subtilior
1239 1361 1326 1398 illic
1348 1359 1662 1407 scrupulofitas‚
1687 1358 1830 1397 ociosa
1853 1357 1891 1396 &
1914 1359 2033 1395 irrita

1022 1415 1147 1453 foret:
1175 1415 1224 1452 In
1249 1414 1386 1452 altera
1410 1425 1528 1457 vero,
1554 1412 1625 1450 vbi
1650 1415 1686 1450 is
1711 1412 1936 1455 eleuatior‚
1962 1422 2032 1448 ex-

1023 1467 1322 1506 halationibus
1337 1466 1603 1505 terrestribus
1619 1468 1766 1504 minus
1787 1465 2033 1513 impeditur,

1023 1521 1158 1570 paulo
1170 1519 1447 1564 exaffliorem,
1464 1522 1511 1558 in
1522 1520 1645 1558 denis
1657 1525 1732 1557 aut
1745 1521 1876 1557 etiam
1889 1519 2035 1565 quinis

1024 1575 1234 1622 scrupulis
1263 1574 1472 1618 secundis,
1502 1573 1810 1611 limitationem
1839 1570 2034 1610 adhibui.
2072 1579 2105 1604 2⁵

1025 1629 1235 1666 Accidere
1253 1630 1384 1665 etiam
1401 1626 1545 1675 potest,
1557 1632 1600 1664 vt
1616 1626 1712 1664 haec
1728 1625 1818 1673 ipsa
1834 1627 1879 1663 in
1893 1624 2035 1663 diuer-

1026 1682 1076 1720 sis
1089 1681 1408 1719 Horizontibus
1420 1680 1555 1728 paulo
1567 1679 1691 1718 aliter
1704 1679 1744 1717 se
1759 1679 1963 1722 habeant,
1980 1677 2036 1715 ob

1026 1737 1154 1773 Aeris
1170 1747 1262 1772 non
1273 1735 1434 1781 vbique
1452 1734 1639 1772 eandem
1655 1739 1861 1771 naturam
1878 1731 1916 1769 &
1931 1737 2036 1769 tem-

1027 1791 1205 1836 periem.
1223 1788 1414 1835 Ideoque
1431 1787 1526 1825 haec
1539 1785 1827 1833 scrupulosius
1839 1784 2037 1823 indicasse

1028 1842 1406 1890 superuacaneum
1435 1841 1552 1879 duxi.
1584 1839 1720 1887 Spero
1748 1838 2039 1877 nihilominus
2075 1844 2109 1870 ³⁰

391 1899 505 1936 hanc
526 1897 661 1945 ipsam
679 1897 920 1939 Tabellam,
943 1894 1237 1934 Refradiiones
1258 1894 1383 1936 Solis,
1405 1900 1496 1932 vtut
1516 1894 1659 1931 latiori
1680 1893 1959 1935 indicatione.
1980 1893 2040 1929 ita

391 1959 538 1989 tamen
560 1951 778 1992 exhibere,
799 1956 842 1987 vt
865 1950 975 1987 nihil
996 1949 1114 1996 quod
1135 1951 1180 1986 in
1200 1948 1446 1995 limpidiore
1468 1948 1596 1985 Aeris
1617 1948 1804 1994 puritate
1826 1944 2038 1984 Obserua-

392 2007 499 2042 tioni
512 2004 759 2042 sensibiliter
771 2004 1079 2045 incommodet.
1092 2001 1364 2040 desideretur.
1384 2001 1565 2048 Oportet
1578 2002 1696 2038 enim
1708 2010 1830 2038 aurae
1843 1997 2040 2037 constitu-

392 2061 556 2096 tionem
579 2058 654 2094 esse
675 2057 979 2094 serenissimam
997 2056 1033 2093 &
1051 2055 1426 2096 desaecatissimam.
1449 2054 1628 2101 quando
1648 2053 1780 2091 huius
1797 2054 1858 2090 rei
1875 2053 2039 2099 experi-

393 2113 601 2148 mentatio
619 2110 859 2147 instituitur.
879 2110 1080 2147 Medium
1093 2120 1197 2146 vero
1210 2120 1298 2155 quo
1311 2120 1363 2146 ea
1375 2108 1595 2146 dexterius
1606 2106 1867 2154 perficiatur.
1885 2104 2041 2143 deinde
2079 2111 2111 2136 3⁵

394 2165 607 2202 dabimus,
635 2164 812 2201 Deduxi
838 2170 986 2200 autem
1010 2161 1335 2200 Refrac‘tionum
1359 2161 1560 2199 vltimum
1584 2162 1821 2198 terminum
1844 2159 1898 2197 ad
1923 2157 2042 2205 Qua-

395 2218 559 2255 drantis
581 2217 744 2254 Circuli
766 2217 1056 2257 medietatem,
1079 2215 1288 2262 siquidem
1310 2217 1422 2252 circa
1443 2214 1561 2252 hunc
1582 2214 1778 2254 limitem.
1801 2212 2042 2250 admodum

396 2277 631 2308 attenuata:
653 2272 742 2306 imo
764 2269 1025 2306 insensibiles
1045 2268 1114 2306 hae
1135 2269 1338 2309 euadant.
1361 2267 1397 2305 &
1419 2267 1563 2315 postea
1580 2266 1752 2314 prorsus
1769 2264 2042 2304 euanescant.

1810 2531 2046 2570 TABVLA
