2164 3246
383 236 1041 275 PROGYMNASMATUM
1064 237 1378 276 SECUNDA
1399 239 1551 277 PARS

1717 239 1795 277 337

143 356 248 383 vero
269 343 341 392 alij
363 342 565 391 pauculis
585 342 808 391 scrupulis,
830 343 1011 390 quidam
1031 344 1142 391 plus,
1164 345 1344 392 quidam
1366 347 1525 390 minus,
1546 345 1617 383 hic
1634 344 1794 384 deflex-

145 400 268 442 erint,
284 397 360 435 suo
376 397 487 441 loco,
504 396 739 435 collatione
756 396 901 435 debita
916 396 1040 441 facta,
1058 397 1314 436 ostendetur.

198 450 575 498 Intercapedinem
591 461 770 497 quoque
787 450 934 488 Nouae
951 462 977 489 a
994 450 1126 490 Stella
1143 452 1286 490 Polari
1308 452 1464 500 l'aepius
1486 455 1669 491 rimatus
1690 452 1795 497 sum,

145 505 188 544 P.
204 505 268 543 25.
287 502 313 553 l.
330 505 383 542 14.
407 503 612 551 hancque
636 505 769 542 etiam
792 504 847 542 ad
871 505 1067 542 amussim
1092 505 1132 542 se
1158 505 1332 549 habere,
1357 506 1609 544 nullatenus
1633 506 1794 550 haesito,

93 573 109 599 5
146 570 286 606 eaque
298 558 425 596 nobis
436 559 482 595 in
493 556 833 605 perueftigandis
848 557 981 596 huius
993 558 1138 596 Stellae
1150 560 1446 606 penetralibus
1458 572 1549 598 non
1561 562 1796 598 minimum

146 611 367 651 commodi
382 610 609 659 praestabit.

199 665 320 713 Quin
337 665 375 703 &
391 664 627 703 Stellarum
643 664 811 712 aliquot
831 667 877 702 in
898 664 987 712 ipsa
1005 665 1242 713 Cassiopeae
1264 666 1587 705 constellatione
1609 667 1664 705 ad
1686 669 1796 704 inui-

146 731 241 758 cem
261 720 541 763 remotiones,
563 717 602 756 &
622 718 942 756 nonnullarum
964 730 1141 766 quoque
1158 721 1184 757 a
1201 719 1441 768 Cynosura,
1461 723 1619 767 partim
1641 721 1797 758 eodem

146 773 292 812 Veteri
308 771 611 816 Instrumento‚
628 773 788 819 partim
803 783 908 810 vero
926 771 963 809 &
979 773 1239 820 potissimum
1255 774 1352 822 alijs
1369 774 1681 812 recentioribus
1696 774 1798 812 Sex-

81 839 111 866 ιο
146 826 338 866 tantibus
353 825 597 874 Trigonicis
617 831 819 863 accurate
842 825 1085 870 obseruaui‚
1108 838 1217 874 quas
1236 826 1361 865 fimul
1378 827 1515 865 oculis
1533 839 1765 875 exponam.
1783 824 1798 877 ΙΙ

61 923 124 956 345
203 914 539 954 DISTANTIAE
559 914 1009 953 PRAECIPUARUM
1031 915 1387 955 STELLARUM
1409 916 1746 955 CASSIOPEAE

784 977 870 1015 AD
892 977 1168 1016 INUICEM.

186 1272 301 1320 Quae
321 1272 377 1311 est
397 1274 444 1311 in
464 1272 611 1311 medio
631 1272 715 1311 Ca-

268 1325 436 1365 thedrae
452 1326 630 1371 Lucida,

186 1391 374 1418 numero
390 1380 432 1418 12
452 1379 574 1418 distat
592 1379 647 1418 ab
664 1391 717 1418 ea

801 1139 833 1551 Ξηωωψωωμ

188 1691 302 1740 Quae
318 1694 365 1731 in
379 1691 566 1741 pectore,
588 1692 717 1731 Sche-

351 1746 417 1785 dir
432 1745 557 1790 dicta,

188 1811 375 1838 numero
387 1800 412 1838 2
426 1805 681 1838 remouetur
693 1811 720 1838 a

803 1585 835 1944 Ξηωωῴωμ

210 2057 325 2106 Quae
341 2058 397 2097 est
412 2058 468 2098 ad
484 2058 565 2097 Ilia
581 2061 703 2097 iuxta

341 2111 571 2157 flexuram,

208 2177 395 2204 numero
411 2167 435 2204 4
451 2165 565 2205 abest
581 2165 636 2204 ab
654 2177 706 2204 ea

806 1978 838 2282 Ξηωωωμ

193 2369 307 2418 Quae
318 2373 365 2409 in
374 2369 602 2410 Erectione
614 2371 724 2410 sedis

339 2436 527 2464 numero
543 2426 575 2463 ll

277 2477 332 2516 est
348 2478 602 2527 disiungitur
618 2490 644 2517 a

816 2317 840 2569 xlcnmwp-

265 2601 299 2627 ⁴3

902 1065 1108 1096 NOMINA
1129 1065 1429 1097 STELLARUM

907 1138 956 1176 In
974 1138 1128 1186 Capite

907 1191 956 1230 In
972 1191 1148 1230 Pectore

907 1245 956 1283 In
974 1246 1164 1294 Cingulo

908 1298 1022 1346 Quae
1039 1300 1094 1337 ad
1111 1300 1190 1337 Ilia

907 1352 957 1390 In
973 1353 1138 1400 Poplite

908 1406 957 1444 In
977 1406 1117 1445 Crure

908 1460 1113 1498 Extrema
1129 1460 1251 1507 pedis

908 1513 958 1551 In
975 1512 1190 1551 erectione
1207 1513 1315 1551 sedis

909 1585 958 1623 In
976 1585 1130 1632 Capite

909 1639 958 1677 In
976 1639 1166 1687 Cingulo

909 1692 1097 1730 Flexura

910 1746 959 1784 In
975 1746 1141 1794 Poplite

910 1800 959 1837 In
977 1799 1117 1838 Crure

910 1853 1116 1891 Extrema
1132 1852 1253 1900 pedis

910 1906 960 1944 In
977 1905 1192 1944 erectione
1210 1905 1339 1943 Sellae

911 1978 960 2015 In
978 1978 1133 2025 Capite

911 2031 961 2068 In
978 2031 1168 2079 Cingulo

911 2085 960 2122 In
977 2085 1143 2131 Poplite

912 2138 962 2176 In
979 2138 1119 2176 Crure

912 2192 961 2229 In
978 2192 1087 2239 pede
1105 2191 1300 2228 extrema

913 2245 963 2282 In
980 2243 1196 2283 erectione
1214 2243 1336 2282 Sedis

914 2317 964 2354 In
981 2316 1136 2363 Capite

915 2370 963 2407 In
981 2370 1172 2417 Cingulo

915 2423 964 2461 In
981 2423 1146 2471 Poplite

915 2477 965 2515 In
982 2477 1122 2515 Crure

916 2531 1121 2568 Extrema
1137 2529 1259 2577 pedis

1556 2596 1806 2634 NOMINA
