2164 3246
427 203 1088 244 PROGYMNASMATUM
1110 207 1315 245 PRIMA
1337 207 1489 246 PARS
1711 209 1787 248 253

133 310 422 359 scrupulosius
447 309 486 348 ἀ
510 312 724 358 promtius
749 311 1090 357 subministrant;
1116 313 1247 361 idque
1273 313 1371 352 satis
1397 320 1489 353 tuto
1516 316 1792 363 compendio,

134 376 325 413 quarum
346 362 554 402 structura
577 365 623 401 in
647 364 757 402 colle
781 366 977 412 quodam
1001 366 1128 411 edito,
1154 373 1275 405 extra
1298 367 1413 406 hanc
1435 369 1608 411 Arcem,
1632 368 1792 407 subter-

133 430 270 458 ranea
286 418 353 463 en,
371 419 569 465 apprime
585 416 727 455 vfibus
744 420 1044 457 accommoda.
1063 420 1194 458 Hanc
1211 426 1360 458 autem
1377 433 1477 459 cum
1494 421 1570 460 suo
1587 422 1697 466 loco,
1715 423 1791 461 ali-

134 472 402 520 quandoque
411 473 559 509 tertias
566 471 790 515 Armillas,
801 474 935 510 ternis
945 473 1116 511 circulis
1126 473 1324 521 idipsum,
1338 475 1456 522 quod
1466 476 1600 513 modo
1611 474 1792 523 depietae

81 540 96 566 ⁵
132 525 395 574 praestantes,
407 524 650 572 AEquatore
662 524 750 563 illic
762 532 1049 572 permanente
1062 526 1181 571 Fixo,
1198 528 1412 576 nulloque
1425 529 1791 574 circumducente,

133 580 204 618 cui
215 580 428 617 innitatur
439 577 618 616 Circulo
632 577 826 625 (fauente
839 579 1008 617 Diuino
1022 580 1236 627 Numine)
1247 593 1335 619 vna
1347 593 1448 620 cum
1461 584 1629 620 caeteris
1641 583 1792 621 nostris

133 631 447 671 Astronomicis
464 631 653 679 Organis
670 631 972 679 descripturus
991 630 1005 682 ΙΙ

46 774 110 807 253
204 765 284 804 DE
304 764 485 804 MOTU
505 764 754 804 PROPRIO
775 765 1132 805 AFFIXARUM
1155 766 1527 813 STELLARUM,
1549 768 1726 808 HISCE

548 827 790 866 SECULIS
812 828 1381 868 CORRESPONDENTE.

68 914 99 941 ιο
210 898 459 939 UPERIUS
485 898 640 946 Capite
670 901 826 946 primo,
852 900 924 938 vbi
950 900 1003 938 de
1030 900 1263 939 Curriculo
1289 901 1402 940 Solis
1430 901 1485 940 ad
1513 901 1610 940 haec
1636 902 1793 941 Secula

231 951 514 997 verificando,
540 952 786 991 luculenter
812 955 992 1001 egimus,
1019 956 1113 992 eius
1138 960 1308 992 motum
1333 967 1537 993 annuum
1562 956 1616 994 ab
1642 956 1793 1003 aliqua

135 1006 387 1046 Affixarum
403 1006 638 1045 Stellarum
655 1006 889 1054 aequalem,
911 1007 1081 1045 collatis
1103 1010 1295 1046 inuicem
1312 1008 1540 1056 diligenter
1556 1008 1594 1046 ἃ
1610 1011 1656 1047 in
1672 1012 1792 1047 truti-

136 1071 242 1099 nam
252 1061 418 1098 vocatis
429 1059 719 1103 Ptolemaicis,
735 1061 824 1098 vna
836 1072 937 1098 cum
949 1060 1100 1099 nostris
1113 1061 1504 1100 obseruationibus
1519 1065 1792 1101 examinaui-

136 1125 247 1153 mus.
263 1114 410 1161 Atque
427 1113 530 1152 hinc
545 1114 731 1151 Annum
748 1113 977 1152 Sidereum
993 1116 1217 1153 continere
1234 1114 1341 1153 Dies
1352 1115 1442 1154 365.
1461 1115 1519 1153 H.
1532 1116 1568 1154 6.
1583 1114 1608 1164 l.
1621 1116 1656 1154 9.
1672 1114 1715 1164 ll.
1728 1116 1791 1154 26.

70 1182 100 1208 15
138 1165 200 1216 ΙΙΙ.
215 1167 267 1206 43
283 1167 609 1206 adinuenimus.
632 1166 733 1205 Hoc
750 1169 869 1205 enim
885 1167 1115 1215 Temporis
1131 1168 1276 1215 spacio
1293 1168 1368 1207 Sol
1384 1169 1439 1207 ad
1457 1172 1662 1216 quamuis
1679 1172 1791 1208 iner-

136 1226 308 1260 rantem
323 1220 504 1259 Stellam
519 1219 700 1268 fimplici
715 1220 792 1259 suo
809 1221 947 1265 cursu,
965 1224 1202 1269 quotannis
1219 1225 1463 1260 reuertitur.
1481 1223 1602 1260 Anni
1618 1223 1793 1270 insuper

135 1273 473 1322 AEquinoctialis
495 1273 580 1312 hoc
601 1285 702 1312 aeuo
724 1277 1026 1322 quantitatem,
1050 1275 1212 1313 ibidem
1235 1275 1469 1322 praefiniui,
1494 1275 1682 1314 Dierum
1701 1277 1792 1315 365.

137 1327 248 1367 Hor.
269 1328 306 1367 5.
329 1325 355 1376 Ι.
376 1328 440 1366 48.
463 1326 507 1375 ΙΙ.
526 1328 590 1371 45,
612 1330 688 1375 qui
709 1327 852 1366 deficit
873 1329 927 1367 ab
948 1329 1083 1366 Anno
1105 1328 1283 1367 Sidereo
1304 1335 1656 1376 praememorato,
1681 1328 1706 1378 l.
1728 1330 1791 1368 20.

138 1379 182 1430 ll.
199 1381 250 1419 42
265 1380 367 1420 fere.
388 1380 583 1419 Tantum
603 1383 723 1419 enim
744 1384 979 1429 requiritur
995 1382 1225 1429 Temporis
1241 1388 1284 1420 vt
1301 1383 1376 1421 Sol
1397 1383 1571 1421 emenso
1591 1389 1681 1421 toto
1699 1383 1792 1422 Cir-

67 1449 101 1476 20
137 1434 237 1474 culo
253 1434 434 1474 Stellam
450 1435 648 1482 aliquam
664 1435 697 1472 F
699 1437 820 1473 ixam
835 1435 1069 1483 paululum
1084 1437 1355 1484 progressam‚
1373 1436 1520 1474 denuo
1537 1437 1791 1484 assequatur.

137 1488 319 1536 Ipsemet
333 1500 440 1527 vero
456 1490 624 1527 interea
639 1488 813 1527 conficit
828 1495 953 1527 motu
969 1489 1046 1527 suo
1064 1488 1107 1537 ll.
1125 1490 1166 1527 51
1184 1488 1345 1527 exaCte.
1365 1489 1557 1528 Tantilla
1573 1492 1720 1537 itaque
1737 1490 1792 1528 est

137 1541 372 1581 Stellarum
382 1541 634 1580 Affixarum
646 1542 702 1580 ad
714 1542 857 1581 nostra
869 1542 1026 1581 Secula
1038 1554 1190 1581 annua
1201 1545 1433 1590 promotio.
1450 1543 1599 1590 Quam
1610 1543 1663 1581 fic
1676 1555 1792 1581 com-

136 1595 345 1644 pendiosa
353 1595 636 1643 Inquifitione
647 1596 891 1643 eademque
901 1596 999 1634 satis
1009 1602 1115 1639 rata,
1129 1603 1281 1634 notam
1291 1597 1471 1634 reddere
1482 1596 1791 1635 constituimus.

190 1649 357 1688 Verum
367 1654 412 1687 vt
424 1649 495 1688 hic
506 1649 850 1687 Anniuersarius
862 1650 894 1687 F
896 1652 1071 1688 ixarum
1087 1656 1245 1693 motus,
1263 1661 1316 1688 ex
1333 1650 1523 1688 aliorum
1539 1656 1629 1688 tam
1646 1662 1792 1688 recen-

68 1717 101 1743 25
137 1704 247 1742 tium
263 1714 399 1751 quam
414 1702 625 1741 Veterum
641 1703 1098 1741 animaduersionibus
1119 1704 1438 1751 comprobetur,
1460 1706 1618 1751 partim
1638 1715 1690 1741 ex
1708 1704 1792 1742 Co-

137 1758 315 1804 pernici,
338 1758 499 1804 partim
518 1757 821 1804 Antiquorum
842 1757 1124 1804 quorundam
1146 1757 1507 1795 annotationibus
1528 1757 1571 1795 id
1591 1757 1792 1804 praestare

138 1810 451 1859 aggrediemur.

190 1863 464 1902 Adhibentes
489 1866 637 1911 itaque
662 1865 854 1911 priorem
881 1864 1117 1911 Copernici
1143 1866 1189 1901 in
1215 1863 1343 1911 Spica
1363 1864 1553 1912 Virginis
1580 1863 1793 1902 Obserua-

137 1918 315 1962 tionem,
336 1929 473 1965 quam
488 1918 624 1955 Anno
641 1918 727 1956 1515
744 1915 898 1955 nac'ius
920 1917 986 1961 est,
1009 1929 1110 1965 quae
1126 1917 1297 1955 videtur
1317 1917 1454 1955 altera
1471 1917 1684 1955 decennio
1702 1917 1792 1964 post

67 1984 102 2010 30
136 1969 249 2010 faeta
265 1969 469 2015 exafflor,
491 1971 706 2019 colligitur
721 1973 844 2009 iuxta
860 1970 1062 2014 nostram,
1084 1971 1280 2018 superius
1296 1970 1547 2018 vsurpatam
1563 1972 1793 2009 ratiocina-

136 2026 315 2069 tionem,
335 2024 518 2072 Polique
536 2026 630 2063 eius
646 2024 731 2062 loci
747 2024 1082 2072 castigationem,
1105 2024 1280 2071 Spicam
1298 2030 1401 2062 tunc
1418 2023 1534 2061 fuisse
1551 2026 1596 2061 in
1612 2030 1720 2071 part.
1739 2025 1792 2062 17.

137 2079 242 2116 min.
258 2078 306 2118 32}
325 2082 384 2121 ἕ.
405 2079 463 2116 At
484 2090 585 2116 cum
601 2079 737 2116 Anno
759 2078 852 2116 1585
876 2078 1031 2116 eadem
1053 2080 1236 2116 inuenta
1257 2077 1302 2115 fit
1323 2080 1368 2115 in
1384 2084 1491 2125 part.
1510 2077 1563 2115 18.
1580 2079 1685 2115 min.
1702 2077 1726 2115 3
1748 2081 1789 2120 ἓ

138 2143 192 2170 ex
202 2131 354 2170 nostris
366 2131 771 2174 Obseruationibus,
788 2131 1064 2179 perspicuum
1077 2131 1143 2175 est,
1162 2131 1280 2178 quod
1292 2132 1436 2168 Annis
1448 2131 1499 2169 70
1511 2131 1792 2178 intermedijs,

137 2191 340 2233 promota
355 2185 402 2224 fit
412 2185 565 2229 Arilla,
582 2197 672 2223 vna
688 2197 788 2223 cum
805 2185 985 2232 reliquis
997 2184 1029 2222 F
1032 2187 1126 2227 ixis,
1144 2185 1186 2222 Ρ.
1205 2186 1218 2222 l
1236 2184 1464 2222 deficiente
1481 2184 1630 2222 saltem
1652 2186 1662 2224 ἑ
1683 2184 1793 2222 scru-

68 2251 102 2277 35
137 2238 256 2286 pulo.
269 2239 539 2287 Competunt
551 2250 653 2287 ergo
665 2238 1051 2287 proportionaliter
1062 2238 1237 2286 singulis
1247 2239 1391 2275 Annis
1403 2239 1444 2276 51
1457 2237 1592 2284 scrup.
1605 2237 1794 2275 secunda

137 2292 326 2340 praecil'e.

192 2345 324 2384 Nunc
346 2351 389 2384 vt
411 2346 662 2394 prolixioris
684 2345 915 2393 Temporis
938 2345 1160 2383 interstitio
1184 2345 1370 2392 idipsum
1394 2344 1711 2386 corroboretur,
1739 2343 1794 2382 ab

139 2398 399 2447 Hipparcho
415 2401 609 2447 primum
625 2399 712 2437 huc
728 2399 860 2446 vsque
877 2410 970 2436 rem
987 2410 1168 2437 omnem
1184 2398 1464 2436 deducemus.

192 2452 368 2491 Inuenit
377 2453 450 2491 ille
462 2452 676 2491 referente
691 2452 930 2490 Ptolemaeo
948 2453 1168 2499 (quicum,
1186 2454 1231 2489 in
1243 2452 1435 2489 Arabico
1452 2458 1571 2489 textu
1583 2450 1793 2488 Abraclin

70 2517 104 2543 4ο
139 2506 282 2553 vocat)
299 2507 434 2544 Anno
451 2506 502 2544 50
518 2506 824 2544 Reuolutionis
841 2506 1016 2553 Calippi
1038 2507 1188 2547 tertiae,
1211 2507 1286 2552 qui
1306 2505 1455 2542 incidit
1475 2506 1521 2541 in
1537 2503 1792 2593 Annungab

1670 2568 1695 2593 o
1729 2563 1790 2593 itu
