2326 3277
475 242 525 280 34
849 235 1304 276 ASTRONOMIAE
1325 234 1747 273 INSTAURATAE

474 345 663 384 tionibus
680 355 780 381 cum
793 343 1067 380 Ptolemaicis
1084 341 1317 379 collatione
1334 339 1446 379 facta
1462 340 1609 378 denuo
1626 339 1876 384 corrediam,
1893 339 1931 377 8(
1947 351 2119 388 compe-

473 404 611 436 tenter
627 396 932 439 mensuratam,
949 394 1233 442 proferemus.

526 449 792 487 Vetustissimi
809 447 1063 486 AEGYPI'II
1076 447 1114 485 8(
1126 446 1449 485 BABYLONII
1466 457 1636 484 annum
1651 445 1770 484 hunc
1787 445 2016 484 Sidereum
2031 446 2119 485 siue

473 503 782 541 restitutionem
798 501 910 539 Solis
926 501 982 539 ad
997 500 1194 548 aliquam
1210 499 1391 538 affixam
1407 499 1587 537 Stellam
1603 499 1913 543 anniuersarie,
1930 499 2028 538 teste
2044 499 2118 538 Al-

472 556 673 603 bategnio
690 555 797 601 Cap.
815 554 877 592 27.
900 554 1016 592 Libri
1037 553 1099 591 sui
1120 554 1172 591 de
1189 553 1378 591 Scientia
1394 552 1629 591 Stellarum
1646 553 1722 590 esse
1738 552 1987 597 statuerunt,
2008 552 2120 591 vltra
2157 562 2172 588 ⁵

472 609 562 646 dies
583 608 671 652 365,
696 614 898 654 quartam
918 609 1048 644 vnius
1068 612 1248 654 partem,
1273 605 1311 643 8(
1333 605 1507 653 insuper
1528 605 1586 643 131
1609 607 1870 652 portionem,
1894 617 1995 653 quae
2018 617 2118 644 con-

471 661 622 699 ficiunt
637 663 808 698 minuta
824 661 994 698 dierum
1010 661 1063 698 15.
1078 658 1121 707 ll.
1134 659 1196 698 27.
1211 658 1272 707 ΙΙΙ.
1285 659 1349 703 30,
1366 658 1454 696 fiue
1466 659 1585 706 quod
1596 659 1713 696 idem
1725 658 1792 703 est,
1805 659 1864 696 H.
1877 658 1912 697 6.
1927 657 1953 707 l.
1966 660 2011 697 ll.
2025 657 2069 707 ll.
2081 659 2118 697 0.

524 713 743 751 THEBIT
764 713 991 752 CHORAE
1011 712 1127 750 filius
1148 712 1360 751 referente
1383 712 1644 759 Copernico‚
1665 711 1799 749 huius
1820 714 1927 750 anni
1948 714 2118 760 quanti-

470 773 603 805 tatem
618 767 818 814 prodidit,
835 767 912 804 esse
928 766 1038 804 vltra
1050 766 1157 804 Dies
1172 766 1263 810 365,
1279 765 1481 813 scrupula
1493 765 1679 803 Dierum
1696 765 1749 803 15.
1764 763 1807 813 ll.
1819 765 1883 809 23,
1901 777 2001 813 quae
2017 765 2118 804 faci·
2156 775 2176 806 -ι-

471 826 549 858 unt
565 820 698 858 horas
714 820 749 857 6.
770 818 794 867 Ι.
811 820 848 858 9.
867 818 910 867 sl.
928 819 981 857 12.
2159 828 2190 854 ιο

525 873 614 921 Ipse
631 884 735 910 vero
753 872 1122 911 COPERNICVS
1142 872 1238 910 haec
1255 874 1515 910 examinans
1532 871 1570 909 8(
1587 883 1609 909 e
1626 871 1711 909 suis
1728 871 2118 910 obseruationibus

472 926 724 969 emendans,
737 925 948 963 constituit
958 927 1143 963 Annum
1155 925 1394 969 Sidereum,
1408 925 1595 963 Dierum
1606 925 1696 969 365,
1708 924 2013 972 scrupulorum
2025 923 2038 973 Ι
2043 955 2051 963 .
2063 926 2117 964 15.

472 978 515 1027 ll.
528 979 590 1016 24.
605 977 665 1027 ΙΝ.
679 979 733 1023 10,
750 981 809 1017 ita
825 984 868 1016 vt
883 978 1032 1017 saltem
1049 980 1081 1018 1ῐῦ
1101 978 1351 1026 scrupulum
1367 978 1454 1016 diei
1469 978 1523 1016 ab
1540 977 1630 1025 ipso
1642 977 1814 1016 deficiat
1825 977 2032 1017 Thebetis
2042 990 2118 1017 an·

471 1034 649 1070 notatio.
673 1032 880 1069 Prouenit
903 1037 1051 1070 autem
1073 1031 1169 1070 haec
1190 1034 1297 1070 anni
1318 1033 1538 1079 quantitas
1559 1031 1821 1070 resolutione
1842 1033 1889 1069 in
1909 1031 2059 1070 Horas
2080 1031 2119 1070 &

471 1097 624 1123 earum
646 1084 846 1132 scrupula
868 1084 980 1123 facta
1002 1085 1092 1132 post
1115 1087 1304 1132 integros
1327 1085 1418 1122 dies
1439 1084 1498 1122 H.
1516 1084 1551 1122 6.
1571 1083 1596 1132 l.
1613 1085 1649 1122 9.
1668 1083 1712 1132 ll.
1729 1085 1793 1129 40,
1817 1085 1936 1132 quod
1953 1084 2122 1123 Thebe·
2163 1094 2193 1120 1⁵

469 1140 636 1176 tianam
656 1140 961 1176 inuentionem
982 1138 1149 1176 excedit
1172 1137 1448 1176 solummodo
1468 1137 1520 1176 28
1540 1137 1739 1176 secundis
1761 1137 1972 1186 scrupulis
1992 1140 2122 1177 vnius

470 1191 622 1228 Horae.

522 1244 617 1282 Nos
626 1246 774 1290 itaque
783 1249 827 1282 vt
837 1242 1101 1282 exactiorem
1110 1244 1307 1292 aliquam
1317 1244 1450 1282 huius
1461 1255 1626 1282 annuae
1639 1246 1892 1292 quantitatis
1903 1246 2121 1283 rationem

468 1299 783 1341 inueniremus‚
800 1296 1011 1344 siquidem
1026 1302 1198 1335 tantum
1214 1299 1260 1335 in
1277 1309 1329 1336 ea
1344 1297 1470 1335 situm
1487 1297 1554 1342 est,
1570 1304 1614 1336 vt
1630 1309 1722 1335 non
1737 1297 1887 1336 saltem
1904 1298 2029 1343 Solis,
2050 1297 2121 1336 sed

468 1350 740 1397 reliquorum
752 1350 1033 1388 Planetarum
1048 1357 1194 1388 motus
1210 1357 1472 1399 apparentes
1489 1351 1769 1398 aliquatenus
1785 1351 1888 1389 hinc
1904 1351 2119 1399 depende·
2158 1360 2192 1386 20

468 1409 554 1447 ant,
572 1403 838 1441 contulimus
855 1403 1081 1452 diligenter
1097 1404 1385 1442 Ptolemaicas
1401 1406 1446 1442 in
1463 1404 1564 1442 Sole
1581 1403 1619 1442 &
1636 1403 1734 1442 fixis
1751 1404 1893 1443 Stellis
1906 1404 2120 1443 Obserua-

466 1459 607 1494 tiones
624 1468 724 1494 cum
741 1453 754 1506 ΙΙ
771 1456 942 1500 nostris;
964 1459 1058 1495 eius
1075 1460 1194 1495 enim
1210 1457 1615 1496 animaduersiones
1632 1457 1943 1506 Hipparchicis
1964 1456 2119 1497 exaffl-
2153 1465 2196 1497 40

467 1521 564 1547 ores
586 1509 623 1547 8(
643 1512 824 1547 tutiores
845 1510 921 1548 esse
941 1510 1051 1548 mihi
1072 1510 1325 1558 persuadeo.
1348 1511 1398 1548 Et
1419 1522 1474 1549 ne
1496 1523 1548 1549 ea
1569 1522 1669 1558 quae
1690 1510 1737 1549 fit
1756 1511 1811 1550 ob
1827 1513 2120 1550 mutationem

466 1564 651 1611 Apogaei
668 1563 706 1600 8(
722 1563 1101 1602 Eccentricitatum
1116 1564 1356 1611 implicatio
1373 1565 1500 1602 nobis
1516 1564 1736 1603 obstaculo
1752 1564 1874 1609 foret,
1891 1565 1946 1603 ad
1962 1564 2119 1613 simpli-

467 1628 560 1654 cem
577 1616 689 1654 Solis
705 1622 875 1654 motum
891 1617 1119 1665 vtrobique
1141 1629 1234 1655 rem
1255 1629 1435 1656 omnem
1457 1620 1829 1665 comparauimus,
1851 1624 1980 1666 prout
2000 1630 2119 1657 nunc
2157 1627 2190 1652 2⁵

465 1669 741 1707 manifestum
757 1670 1002 1708 reddemus.

517 1722 788 1761 Adhibentes
806 1725 924 1760 enim
935 1723 1268 1771 AEquinotflium
1284 1724 1542 1762 autumnale
1555 1736 1581 1762 a
1593 1724 1937 1764 PTOLEMAEO
1952 1725 2117 1773 deprae-

465 1775 648 1813 hensum
664 1776 960 1821 Alexandriae‚
978 1788 1098 1815 anno
1114 1777 1301 1815 Adriani
1318 1777 1598 1825 Imperatoris
1615 1778 1672 1816 17:
1693 1777 1857 1816 Menfis
1874 1777 2015 1822 Adur,
2032 1777 2117 1817 Die

465 1829 500 1866 7.
523 1829 580 1866 H.
598 1829 634 1873 2,
656 1829 752 1867 PM.
777 1829 1015 1868 secundum
1038 1833 1394 1869 numerationem
1416 1830 1734 1879 AEgyptiacam,
1758 1831 1876 1879 quod
1898 1832 2049 1870 incidit
2070 1833 2116 1870 in

466 1894 635 1920 annum
651 1882 870 1921 labentem
886 1895 913 1921 a
929 1890 1033 1922 nato
1050 1883 1308 1923 CHRISTO
1325 1884 1393 1922 132
1409 1884 1660 1928 bisextilem,
1677 1884 1841 1923 Menfis
1853 1884 2117 1932 Septembris

466 1936 582 1973 diem
593 1936 656 1979 25,
669 1935 826 1974 horam
838 1937 986 1974 itidem
997 1936 1233 1976 secundam
1242 1949 1268 1976 a
1278 1938 1472 1981 meridie,
1484 1938 1616 1985 idque
1629 1940 1750 1976 iuxta
1762 1940 2117 1977 numerationem

468 1989 714 2027 Romanam
725 2001 947 2027 annorum
957 1990 1244 2034 Iulianorum‚
1255 1991 1414 2038 quibus
1424 1993 1667 2029 etiamnum
1677 1994 1854 2035 vtimur;
1867 1992 2117 2031 reducendo

466 2054 570 2079 vero
592 2042 724 2080 horas
745 2043 800 2081 ad
821 2043 1013 2081 nostrum
1035 2043 1349 2088 Meridianum‚
1373 2051 1546 2092 tempus
1566 2056 1593 2083 a
1614 2045 1802 2083 Meridie
1824 2044 1922 2084 dieti
1942 2045 1993 2084 25
2014 2044 2117 2093 Sep-

466 2096 642 2133 tembris
654 2098 731 2133 erit
743 2095 892 2134 saltem
905 2097 962 2134 H.
976 2097 1011 2134 O.
1027 2095 1052 2144 Ι.
1065 2097 1132 2140 25;
1150 2097 1312 2136 Sumus
1325 2100 1442 2136 enim
1454 2110 1536 2136 nos
1550 2098 1634 2136 hoc
1648 2098 1746 2137 loco
1758 2099 2118 2137 occidentaliores

467 2160 542 2195 per
555 2149 664 2186 Hor.
679 2150 691 2186 1
705 2155 744 2187 et
756 2149 805 2187 35
817 2152 921 2187 min.
936 2150 978 2188 Si
992 2162 1108 2188 nunc
1121 2150 1223 2189 huic
1235 2151 1578 2199 applicuerimus
1589 2152 1777 2190 alterum
1786 2151 2118 2199 AEquinoetium
2155 2161 2189 2187 ³⁵

467 2202 723 2239 autumnale
744 2214 770 2240 a
791 2203 916 2240 nobis
937 2204 1164 2251 diligenter
1186 2204 1477 2243 Obseruatum
1499 2206 1634 2243 Anno
1656 2205 1762 2248 1588,
1784 2208 1917 2244 etiam
1937 2205 2118 2244 bisextili

468 2254 551 2291 Die
569 2255 609 2291 12
626 2255 902 2302 Septembris.
925 2256 1052 2294 Hora
1074 2258 1130 2296 151
1153 2257 1241 2304 post
1259 2258 1416 2296 Merid.
1435 2265 1560 2296 erunt
1577 2270 1603 2296 a
1620 2261 1753 2306 priori
1770 2259 1901 2307 vsque
1922 2260 1978 2297 ad
1999 2258 2118 2297 hunc

467 2307 658 2345 nostrum
680 2309 942 2356 praeterlapfi
964 2311 1083 2347 Anni
1107 2311 1199 2349 1455
1222 2311 1393 2354 Iuliani.
1418 2311 1455 2349 &
1480 2311 1652 2359 insuper
1673 2312 1781 2350 Dies
1800 2312 1891 2355 353.
1915 2312 2056 2350 Horae
2077 2313 2118 2351 15

466 2363 613 2451 (minus
638 2363 664 2399 L.
688 2361 880 2409 Simplex
903 2369 1050 2400 autem
1072 2363 1184 2401 Solis
1206 2364 1259 2402 ad
1281 2371 1453 2412 tempus
1474 2365 1692 2413 Vtriusque
1715 2365 2044 2404 Obseruationis
2064 2365 2118 2404 fic

496 2414 648 2451 abitur.
2154 2427 2188 2453 ⁴0

520 2467 714 2505 Primum
730 2469 785 2506 ad
803 2468 1133 2515 AEquinodlium
1152 2470 1479 2514 Ptolemaicum,
1499 2474 1603 2518 quia
1620 2479 1722 2510 tunc
1739 2474 1988 2521 Apogaeum
2004 2471 2118 2511 Solis

467 2520 716 2558 versabatur
733 2523 776 2558 in
793 2522 835 2561 51
866 2525 918 2564 Π,
939 2522 975 2559 8(
996 2523 1298 2562 Eccentricitas
1316 2531 1405 2562 erat
1424 2524 1465 2562 P.
1483 2525 1518 2562 2.
1539 2524 1563 2571 l.
1582 2525 1667 2567 293.
1689 2526 1889 2573 qualium
1906 2525 2116 2565 Semidia·

1982 2585 2118 2618 meter

2154 1841 2188 1920 84
