2243 3225
414 203 464 240 60
790 193 1243 234 ASTRONOMIAE
1264 189 1685 231 INSTAURATAE

415 319 466 345 ea
482 307 627 343 locum
644 303 755 341 Solis
771 305 816 340 in
833 302 875 339 P.
888 302 924 339 9.
939 299 964 348 l.
978 301 1018 338 15
1036 302 1093 344 ὅ,
1111 299 1325 337 excedens
1343 297 1368 346 l.
1386 298 1438 336 12.
1459 297 1543 336 Sed
1560 296 1844 343 Coperm‘ana
1860 295 2057 334 hocloco

414 361 591 407 propius
604 356 803 403 quadrat:
822 353 1006 392 Exhibet
1018 355 1136 391 enim
1148 351 1486 399 Longitudinem
1498 350 1540 387 P.
1553 350 1589 388 9.
1604 347 1629 396 l.
1642 349 1666 387 6
1683 351 1723 393 *ὅ
1733 380 1741 393 ,
1754 348 1792 386 &
1803 348 1859 387 ob
1870 349 1913 387 id
1924 351 2057 387 ternis

413 409 718 450 tantummodo
734 408 868 454 scrup.
887 406 1093 449 abundat,
1115 405 1232 452 quod
1253 416 1330 452 per
1350 404 1552 442 accidens
1571 404 1729 446 euenit,
1750 401 1929 449 fimplici
1946 401 2058 440 Solis

414 465 467 502 ab
493 460 774 509 AEquinofflo
796 461 945 498 Verno
970 459 1148 496 vlterius
1177 457 1284 496 iusto
1314 458 1356 495 10
1385 459 1583 505 proxime
1612 455 1747 503 scrup.
1775 455 1994 503 elongato;
2020 455 2059 493 &

414 514 773 563 Prosthaphaerefi
789 513 956 551 odtonis
972 512 1248 559 (tantundem
1264 510 1370 557 fere)
1387 509 1631 552 deficiente;
1648 509 1703 546 Vt
1719 508 1775 546 ob
1791 509 1846 552 id,
1867 508 1936 546 his
1952 508 2058 546 duo-

413 571 505 612 bus,
527 574 681 606 mutua
698 567 872 605 elisione
889 566 1199 609 deuiationem,
1222 576 1322 612 quae
1341 564 1450 602 alias
1466 562 1606 601 multo
1622 563 1764 600 maior
1780 563 2058 610 contingeret,

414 621 760 664 emendantibus,
777 631 868 657 non
884 619 1073 657 multum
1089 618 1160 656 hic
1177 618 1441 665 digrediatur
1458 616 1768 663 Copernianus
1784 614 1990 653 calculus.

467 676 586 713 Idem
612 676 725 712 circa
748 671 1081 720 AEquinocftium
1106 671 1378 709 Autumnale
1404 669 1595 708 eiusdem
1620 670 1741 706 Anni
1767 670 2059 716 experiemur;

414 729 532 766 Nam
549 739 658 775 quas
674 727 729 765 ad
746 727 944 764 Vernum
960 725 1112 763 habuit
1129 725 1516 772 RegiomontanuS,
1537 722 1612 760 fibi
1630 721 1727 769 ipfis
1743 733 1835 759 non
1851 721 2060 760 consenti-

414 787 503 820 unt.
521 781 591 819 Ad
609 781 648 818 13
665 783 812 827 itaque
829 780 945 817 diem
956 777 1220 826 Septembris
1236 777 1428 815 eiusdem
1439 777 1560 814 Anni
1572 776 1666 814 1473
1678 776 1910 813 annotauit
1921 773 2060 813 Chor-

414 835 515 873 dam
532 834 741 872 distantiae
761 835 804 876 Θ
824 844 850 870 a
866 833 1036 870 Vertice
1052 831 1195 874 83200,
1218 833 1287 868 cui
1304 830 1484 868 debetur
1499 829 1698 867 Altitudo
1715 828 1757 866 P.
1770 828 1833 866 40.
1847 826 1873 875 l.
1885 828 1948 866 50.
1963 826 2006 875 ll.
2019 827 2060 865 4:

414 887 654 926 Parallaxis
670 886 788 924 addit
806 884 830 933 l.
843 886 879 923 2.
899 883 941 932 ll.
957 885 1010 927 16,
1027 890 1070 922 vt
1087 884 1133 922 fit
1148 896 1253 922 vera
1270 884 1459 921 eleuatio
1476 883 1518 920 P.
1531 882 1594 920 40.
1609 880 1634 929 Ι.
1646 882 1732 925 523,
1749 893 1775 920 a
1791 893 1880 929 qua
1895 880 2062 919 sublata

414 941 668 987 AEquatoris
684 939 968 976 inclinatione
985 937 1303 985 Noribergenfi,
1320 936 1580 983 relinquitur
1592 935 1842 973 Declinatio
1853 934 1896 972 P.
1908 934 1945 972 0.
1959 932 1985 982 l.
1998 933 2062 974 18}

416 994 513 1031 Bor.
535 993 654 1030 Huic
675 994 878 1039 competit
898 991 1136 1028 secundum
1153 990 1490 1038 Longitudinem
1508 989 1726 1036 Eclipticae
1744 987 1799 1026 G.
1816 987 1879 1026 29.
1898 986 1923 1035 Ι.
1941 988 1982 1025 14
1999 993 2060 1036 m).

415 1048 472 1084 At
493 1047 561 1084 die
582 1046 776 1092 sequenti
797 1044 1009 1082 constituit
1030 1043 1258 1081 Chordam
1278 1055 1304 1081 a
1325 1042 1484 1080 Zenith
1504 1042 1638 1085 83810,
1659 1041 1774 1079 vnde
1794 1040 1993 1079 Altitudo
2014 1042 2058 1085 Θ

414 1099 503 1137 visa
523 1099 601 1136 fuit
622 1099 664 1136 P.
681 1099 744 1136 40.
763 1096 788 1145 l.
806 1098 868 1141 27,
890 1109 994 1135 vera
1010 1097 1053 1134 P.
1069 1097 1132 1134 40.
1152 1095 1177 1143 l.
1194 1096 1256 1134 29.
1276 1094 1318 1143 ll.
1337 1096 1390 1140 17,
1412 1107 1513 1143 quae
1533 1094 1563 1132 fi
1583 1093 1807 1133 auferatur
1826 1094 1881 1132 ab
1897 1093 2061 1142 AEqua-

414 1155 518 1190 toris
538 1152 809 1194 sublimitate,
830 1151 973 1198 prodit
994 1150 1243 1188 Declinatio
1264 1148 1470 1187 Austrina
1490 1148 1532 1186 P.
1554 1148 1590 1186 0.
1614 1147 1640 1195 Ι.
1661 1148 1697 1185 4.
1721 1146 1763 1195 sl.
1785 1147 1852 1185 43:
1873 1147 2062 1195 ideoque

415 1205 659 1253 Longitudo
676 1207 721 1242 in
738 1204 779 1241 P.
793 1204 828 1241 O.
843 1202 868 1251 l.
882 1204 923 1241 12
939 1207 980 1246 20-
1001 1203 1102 1241 fere.
1119 1204 1265 1250 Atque
1282 1202 1378 1240 haec
1395 1203 1483 1240 duo
1500 1204 1614 1239 circa
1624 1199 1958 1248 AEquinodtium
1971 1201 2062 1238 Au·

414 1258 609 1296 tumnale
619 1256 903 1305 depraehensa
916 1259 959 1301 Θ
972 1257 1081 1299 loca,
1093 1256 1191 1294 satis
1203 1255 1276 1293 fibi
1288 1257 1481 1293 inuicem
1490 1254 1842 1302 correspondent:
1855 1253 1933 1292 nifi
1944 1254 2063 1301 quod

414 1314 543 1349 vnico
564 1313 762 1358 proxime
781 1312 952 1348 minuto
968 1315 1138 1347 motum
1155 1311 1248 1347 eius
1266 1309 1475 1347 diurnum
1491 1308 1598 1346 iusto
1614 1308 1851 1346 tardiorem
1866 1307 2060 1346 reddant.

416 1365 666 1403 Consultius
682 1366 829 1411 itaque
845 1363 973 1401 fuerit
988 1365 1123 1410 priori
1135 1362 1456 1406 Obseruationi,
1473 1361 1621 1409 quoad
1633 1361 1971 1409 Longitudinem
1984 1362 2062 1398 mi-

415 1420 507 1456 nuti
525 1418 755 1456 dimidium
770 1416 1034 1459 subtrahere,
1051 1421 1095 1454 vt
1110 1415 1155 1453 fit
1173 1412 1186 1465 ΙΙ
1204 1427 1256 1454 ea
1271 1418 1416 1453 verior
1431 1417 1477 1453 in
1493 1415 1535 1453 P.
1548 1415 1611 1453 29.
1631 1413 1656 1462 Ι.
1674 1415 1737 1454 131
1754 1420 1820 1463 tm:
1838 1413 2063 1452 Posteriori

414 1483 519 1509 vero
540 1471 759 1508 tantillum
780 1470 980 1518 adijcere,
1002 1481 1090 1517 quo
1113 1469 1273 1507 euadat
1293 1469 1335 1506 P.
1355 1469 1391 1506 0.
1415 1467 1440 1516 Ι.
1462 1469 1521 1509 121
1547 1472 1605 1511 ss.
1626 1468 1751 1506 Tunc
1772 1469 1891 1506 enim
1912 1469 2064 1505 omnia

415 1525 489 1572 ipfi
510 1524 667 1562 coelesti
689 1535 858 1561 normae
879 1522 1036 1561 rectius
1056 1523 1245 1570 analoga
1265 1528 1403 1565 erunt.
1421 1522 1458 1560 &
1475 1534 1501 1560 a
1517 1522 1671 1560 nostrae
1688 1519 1968 1559 correctionis
1983 1532 2062 1558 nu·

415 1580 545 1615 meris
561 1577 856 1615 insensibiliter
872 1579 1005 1614 etiam
1021 1576 1331 1614 abhorrebunt.
1354 1576 1521 1613 Praebet
1538 1575 1749 1623 liquidem
1765 1574 1906 1613 noster
1922 1573 2062 1612 calcu-

415 1632 482 1669 lus
503 1631 571 1668 die
594 1631 633 1668 13
655 1630 919 1677 Septembris
940 1630 1087 1667 locum
1112 1631 1155 1673 Θ
1180 1631 1225 1666 in
1246 1629 1288 1666 P.
1306 1629 1368 1667 29.
1392 1627 1417 1676 Ι.
1440 1629 1480 1666 14
1503 1635 1564 1676 ΠΡ,
1586 1629 1704 1676 quod
1724 1627 1822 1666 satis
1843 1629 2062 1666 conuenit.

416 1685 534 1722 Idem
551 1684 823 1722 sentiendum
840 1684 891 1721 de
909 1684 977 1721 die
992 1684 1032 1720 14
1045 1683 1309 1730 Septembris
1326 1682 1505 1730 quando
1522 1682 1652 1719 nostri
1667 1683 1841 1719 numeri
1857 1680 2064 1719 exhibent

416 1738 753 1785 Longitudinem
768 1739 811 1781 Θ
827 1739 872 1774 in
884 1737 926 1774 P.
937 1737 973 1774 0.
986 1735 1011 1783 l.
1023 1737 1063 1774 13
1080 1740 1137 1778 Ε..
1156 1735 1200 1774 81
1212 1735 1536 1783 Alphonfinum
1549 1735 1768 1773 calculum
1779 1737 1824 1772 in
1836 1734 2063 1773 confilium

415 1791 758 1833 adhibuerimus,
769 1790 885 1828 dabit
895 1792 930 1827 is
940 1790 1008 1828 die
1019 1789 1058 1827 13
1070 1789 1333 1836 Septembris
1341 1789 1679 1836 Longitudinem
1690 1790 1733 1833 Θ
1744 1790 1789 1826 in
1797 1788 1910 1826 1³29.
1921 1786 1946 1835 Ι.
1956 1788 2062 1836 17ΠΡ,

415 1844 601 1891 ideoque
618 1844 659 1883 31
679 1843 889 1890 scrupulis
906 1843 1012 1881 iusto
1029 1845 1260 1885 maiorem:
1279 1841 1564 1889 Coperniana
1577 1849 1726 1880 autem
1740 1843 1989 1880 numeratio
2006 1839 2063 1879 es-

415 1897 501 1934 ficit
518 1904 619 1934 tunc
637 1897 975 1944 Longitudinem
992 1898 1085 1934 eius
1102 1898 1147 1933 in
1164 1896 1206 1933 P.
1224 1896 1286 1934 29.
1306 1894 1331 1942 l.
1348 1895 1400 1934 36
1417 1902 1478 1944 ΠΡ,
1500 1896 1618 1943 quod
1635 1894 2064 1934 animaduersionem

414 1951 748 1998 Regiomontani
766 1950 932 1987 excedit
943 1950 1041 1997 plus
1054 1949 1094 1987 12
1106 1949 1240 1996 scrup.
1259 1950 1404 1996 Atque
1417 1949 1524 1987 tales
1537 1951 1668 1987 etiam
1680 1947 1939 1986 differentiae
1951 1954 2063 1986 vtro·

413 2004 542 2050 bique
566 2004 633 2041 die
654 2003 858 2050 sequente
877 2003 1085 2040 incidunt.
1108 2003 1220 2040 Haec
1242 2014 1294 2040 ex
1317 2002 1707 2041 obseruationibus
1729 2002 2064 2050 Regiomontani

415 2055 716 2098 [electioribus.
734 2056 949 2094 ostendisse
967 2055 1160 2094 sufficiat.

467 2110 563 2147 Pari
588 2110 760 2156 insuper
784 2112 952 2147 ratione
976 2109 1186 2156 quasdam
1210 2111 1303 2146 eius
1325 2108 1535 2156 Discipuli
1556 2108 1878 2146 WALTHERI
1900 2119 2064 2146 correc-

414 2165 544 2200 tiores
561 2163 963 2201 animaduersiones
981 2165 1111 2200 etiam
1129 2161 1417 2204 conferemus,
1440 2162 1476 2200 &
1498 2165 1640 2210 primo
1657 2161 1745 2210 post
1762 2173 1905 2200 annos
1920 2161 1972 2199 20
1987 2161 2064 2200 ha·

414 2217 560 2257 bitam.
579 2217 711 2253 Anno
729 2216 926 2253 videlicet
944 2215 1037 2253 1493
1055 2215 1123 2253 die
1140 2215 1189 2253 23
1207 2215 1483 2262 Septembris.
1504 2227 1638 2263 quam
1655 2215 1723 2253 his
1739 2215 1881 2253 verbis
1898 2216 2065 2253 caeteris

414 2269 602 2316 praefert:
631 2269 805 2307 Coelum
823 2267 1166 2316 serenissimum,
1193 2269 1312 2307 Vnde
1334 2267 1669 2319 diligentissima
1691 2267 1957 2317 optimaque
1980 2266 2064 2307 Ob-

409 2321 625 2370 seruatio,
650 2322 725 2360 cui
734 2320 770 2369 fi
784 2321 890 2359 aliae
907 2320 1278 2370 correspondent,
1301 2324 1445 2360 certae
1462 2333 1627 2361 omnes
1643 2321 1917 2360 iudicentur.
1939 2321 2065 2359 Ponit

414 2382 560 2413 autem
575 2387 626 2412 eo
639 2376 707 2412 die
721 2375 947 2413 Chordam
965 2375 1174 2412 distantiae
1187 2387 1211 2412 a
1225 2375 1393 2413 Vertice
1410 2376 1553 2417 89460.
1571 2378 1640 2413 cui
1658 2377 1855 2423 congruit
1867 2375 2065 2413 Altitudo

415 2428 527 2466 Solis
546 2429 586 2465 P.
605 2428 666 2466 36.
686 2427 710 2475 l.
729 2429 781 2466 51.
802 2427 843 2475 ll.
862 2429 923 2465 40.
942 2428 1025 2465 Sed
1044 2428 1282 2465 Parallaxis
1299 2429 1416 2466 addit
1436 2428 1460 2474 l.
1479 2429 1513 2466 2.
1534 2428 1576 2475 ll.
1594 2429 1657 2470 24.
1675 2440 1775 2476 quae
1792 2434 1941 2466 tamen
1956 2427 2008 2466 24
2020 2426 2063 2475 ll.

416 2482 602 2528 relinqui
625 2488 839 2528 poterunt.
862 2482 916 2518 ob
939 2479 1242 2518 refractionem
1261 2481 1342 2519 sese
1359 2482 1638 2529 aliquatenus
1656 2482 1741 2519 illic
1758 2481 2064 2523 insinuantem.

2022 2541 2065 2572 vt

2101 783 2131 808 10

2102 1049 2132 1074 15

2096 1421 2137 1452 74

2100 1582 2133 1607 25

2102 2114 2135 2140 35

2102 2275 2122 2305 ⁴1·

2102 2380 2136 2407 ⁴0
