2243 3225
435 208 502 246 152
809 202 1264 242 ASTRONOMIAE
1285 199 1708 240 INSTAURATAE

486 311 685 350 Armillae
697 311 797 354 illae,
810 310 968 357 quibus
978 309 1264 356 vtplurimum
1274 305 1652 345 HIPPARCHVS
1662 305 1700 343 &
1709 305 1778 343 PT
1782 304 2080 344 OLEMAEVS

434 364 580 403 confifi
591 364 697 407 sunt,
716 363 787 401 etfi
799 363 964 410 Regum
976 362 1282 410 AEgyptiorum
1293 360 1446 408 procul
1457 360 1591 398 dubio
1607 358 1777 397 liberali
1792 358 1947 403 sumtu,
1962 369 2080 406 mag-

433 417 560 455 nifice
573 423 703 463 atque
715 416 901 459 solerter,
915 427 937 453 e
949 415 1084 453 solida
1095 416 1280 453 materia
1289 413 1515 452 Metallica
1527 410 1733 450 extruetae
1745 411 1921 450 fuerint:
1933 417 2081 450 tamen

433 471 730 518 qualicunque
746 469 924 507 tandem
941 468 1164 516 diligentia
1179 467 1440 514 compofitae‚
1462 465 1648 513 idipsum
1664 465 1782 513 quod
1801 464 2080 508 intendimus,

433 535 523 561 non
543 523 641 560 satis
662 522 868 560 subtiliter
888 523 1115 560 rimantur.
1140 520 1184 558 Si
1205 522 1325 558 enim
1346 520 1458 558 adeo
1478 521 1675 567 ingentes
1695 523 1832 562 erant,
1852 523 1896 556 vt
1915 519 2080 565 magni-

432 576 573 613 tudini
593 575 809 623 graduum
829 574 995 622 fingula
1014 573 1216 622 scrupula
1236 575 1552 621 recipientium,
1573 571 1833 610 sufficerent:
1856 570 1934 609 sua
1952 570 2081 616 mole,

433 629 727 676 pondereque,
752 627 789 665 &
812 626 1080 666 tractationis
1102 627 1388 671 inhabilitate,
1414 628 1563 664 minus
1584 625 1709 663 vtiles
1733 624 1981 668 euaserunt;
2006 623 2082 663 Sin

433 687 582 720 autem
602 693 755 729 paruae
776 680 814 718 &
835 679 1157 725 constrictiores,
1179 692 1235 718 ne
1256 679 1431 727 fibiipfis
1452 680 1578 718 essent
1597 683 1953 726 aggrauamento,
1974 677 2081 715 diui-

434 735 599 773 fionem
614 735 830 783 graduum
846 736 1034 772 nimium
1050 732 1272 777 ardtando,
1289 732 1623 771 insufficientem
1638 731 1869 778 minusque
1886 728 2083 769 exactam

435 788 731 830 reddiderunt:
749 787 787 825 &
802 793 892 825 vtvt
907 788 1185 825 mediocritas
1206 787 1368 834 aliqua,
1389 788 1435 824 in
1455 786 1523 824 his
1544 785 1710 823 affabre
1732 784 2022 828 elaborandis,
2043 789 2083 822 et

436 841 764 879 conformandis
784 840 982 879 adhiberi
1002 845 1183 888 poterat,
1205 852 1306 878 cum
1325 846 1475 877 tamen
1490 838 1692 876 Armillae
1712 837 1800 876 illae
1820 842 1881 876 tot
1897 836 2083 876 Circulis

435 900 566 941 atque
587 893 797 941 requisitis
818 894 1072 941 indigerent,
1093 905 1169 941 per
1185 895 1371 931 nimiam
1386 892 1731 940 implicationem
1747 896 1878 938 atque
1894 892 2084 939 partium

435 947 772 995 disparilitatem,
793 947 1023 994 minusque
1044 946 1238 984 habilem
1254 946 1376 984 vsum
1397 945 1692 984 incommodae
1708 944 1998 982 nihilominus
2013 943 2083 982 de-

435 1000 779 1048 prehenduntur.
801 999 886 1038 Sex
903 1002 1021 1038 enim
1038 999 1279 1038 constantes
1296 999 1484 1038 Circulis
1500 998 1538 1036 8(
1554 998 1635 1042 his,
1652 1009 1744 1036 non
1759 998 1920 1045 vbique
1936 996 2084 1046 ijsdem

436 1053 551 1091 Polis
567 1052 850 1097 circumactis,
868 1065 920 1091 eo
937 1065 1127 1100 quoque,
1144 1055 1220 1100 qui
1232 1053 1503 1091 Latitudines
1514 1054 1702 1095 metitur,
1719 1053 1765 1089 in
1781 1049 2084 1089 circumferen-

435 1109 495 1145 tia
510 1108 705 1144 interiori
721 1106 969 1144 Zodiacalis
986 1106 1163 1150 Circuli‚
1185 1118 1276 1144 non
1295 1106 1394 1144 satis
1414 1106 1548 1144 libere
1569 1104 1854 1148 conuolubili,
1875 1109 1951 1142 aut
1965 1103 1995 1141 fi
2009 1114 2085 1151 per

436 1161 545 1197 Axis
554 1159 780 1198 transuerfi
789 1160 1095 1204 meditullium,
1105 1162 1151 1197 in
1161 1159 1326 1208 Regula
1335 1159 1529 1207 quadam
1538 1159 1750 1206 dioptrica
1758 1158 1801 1196 id
1810 1157 1898 1201 fiat,
1908 1156 2085 1205 reliquis

436 1213 903 1257 animaduersionibus,
927 1224 1255 1260 nonnunquam
1274 1213 1589 1260 impedimento
1610 1211 1825 1255 existente,
1846 1210 1923 1249 sua
1942 1209 2084 1248 multi-

436 1267 624 1314 plicitate
645 1272 776 1313 atque
797 1266 1140 1310 discohaerentia,
1162 1266 1254 1304 vsui
1275 1266 1483 1304 destinato
1502 1277 1594 1304 non
1609 1265 1708 1303 satis
1723 1263 1898 1312 praecise
1915 1274 2085 1312 compe-

436 1325 543 1357 tunt.
565 1319 744 1357 Accedit
765 1319 802 1357 &
823 1319 919 1363 hoc,
944 1320 1063 1367 quod
1083 1320 1177 1358 Poli
1197 1320 1378 1358 Zodiaci
1398 1331 1487 1357 vna
1508 1330 1610 1357 cum
1631 1318 1834 1362 Orbibus,
1858 1314 1873 1367 ΙΙ
1895 1328 1988 1355 non
2009 1316 2086 1355 fint

437 1373 596 1420 vbique
617 1374 663 1410 in
678 1372 955 1420 AEquilibrio,
977 1372 1168 1420 respeetu
1184 1373 1394 1411 Polorum
1409 1372 1677 1420 AEquatoris,
1699 1377 1830 1419 atque
1849 1370 2086 1409 Meridiani

438 1438 512 1464 eos
528 1425 784 1464 sustinentis:
802 1428 861 1464 ita
871 1432 915 1464 vt
931 1438 1050 1464 nunc
1063 1429 1108 1464 in
1123 1426 1250 1470 hanc,
1267 1428 1442 1464 nuncin
1454 1426 1576 1464 illam
1587 1430 1768 1473 partem,
1785 1429 1914 1473 prout
1925 1434 2086 1462 conuo-

437 1479 529 1517 luta
539 1479 667 1517 fuerit
679 1481 858 1517 interior
870 1479 1097 1523 Machina,
1114 1480 1383 1528 diuagantes,
1396 1480 1570 1528 pondus
1582 1478 1875 1522 Circulorum,
1887 1477 2086 1525 adeoque

438 1532 577 1580 ipsum
590 1538 731 1570 totum
742 1533 1092 1577 Instrumentum,
1109 1545 1136 1572 a
1151 1533 1227 1572 sua
1238 1534 1383 1571 debita
1395 1533 1680 1581 dispositione,
1697 1537 1828 1580 atque
1839 1531 1975 1579 plano
1986 1530 2086 1570 Coe·

438 1586 609 1623 lestibus
631 1587 802 1624 circulis
822 1587 1024 1635 analogo,
1047 1587 1260 1625 violenter
1280 1587 1473 1631 trahant;
1494 1587 1592 1625 licet
1612 1587 1655 1624 id
1676 1598 1767 1624 non
1787 1585 1914 1624 facile
1935 1584 2087 1623 oculus

439 1639 664 1682 discernat:
683 1639 873 1688 Quoque
889 1643 1061 1679 maiora
1075 1641 1235 1679 fuerint
1248 1641 1438 1689 Organa,
1457 1653 1509 1679 eo
1521 1641 1564 1679 id
1574 1643 1713 1688 magis
1725 1641 1911 1683 eueniet,
1928 1650 1983 1677 ne
1995 1639 2086 1686 qui-

438 1693 538 1731 dem
558 1693 852 1732 mediocribus
873 1700 948 1732 aut
969 1697 1118 1742 paruis
1139 1695 1193 1733 ab
1214 1695 1297 1733 hac
1318 1695 1595 1743 asymmetria
1614 1693 1788 1742 prorsus
1805 1692 2086 1731 immunibus.

493 1747 746 1795 Excogitaui
763 1750 910 1795 itaque
927 1754 1028 1786 ante
1045 1748 1213 1795 aliquot
1228 1749 1386 1786 Annos
1402 1748 1686 1796 AEquatorias
1702 1747 1914 1795 quasdam
1928 1745 2086 1784 Armil-

439 1801 515 1843 las,
538 1812 638 1847 quae
659 1801 774 1839 hanc
794 1801 1038 1839 librationis
1059 1802 1390 1850 perplexitatem
1407 1808 1538 1849 atque
1555 1800 1873 1840 distradtionem
1888 1811 1980 1839 non
1995 1799 2086 1838 sub-

440 1861 556 1897 eunt,
574 1855 732 1902 quibus
748 1857 880 1893 etiam
896 1854 994 1893 satis
1011 1856 1242 1893 commode
1259 1855 1462 1894 Siderum
1476 1855 1806 1893 Declinationes
1822 1860 1953 1902 atque
1969 1851 2087 1892 diffe-

439 1910 600 1946 rentias
613 1908 952 1953 Ascenfionales,
970 1911 1171 1956 inprimis
1182 1921 1287 1947 vero
1299 1909 1571 1956 Temporum
1583 1907 1734 1947 exacta
1747 1913 1985 1951 momenta,
2001 1912 2089 1945 tam

440 1962 640 2004 interdiu,
665 1963 800 2009 quam
823 1961 967 2005 nod’tu,
994 1963 1174 2010 quando
1197 1974 1309 2010 opus
1332 1962 1472 2005 fuerit,
1498 1962 1675 2000 scrutari
1698 1962 1812 2000 licet:
1839 1962 1984 2009 Atque
2006 1966 2089 1999 tres

441 2015 702 2052 eiuscemodi
723 2015 854 2053 solide
875 2015 1133 2059 elaboratas,
1155 2022 1377 2063 tantaeque
1394 2016 1720 2064 magnitudinis,
1737 2022 1781 2053 vt
1797 2017 1998 2053 omnium
2012 2015 2089 2052 mi·

441 2075 649 2106 nutorum
666 2068 817 2116 singuli
834 2070 993 2116 gradus
1010 2081 1192 2117 capaces
1208 2069 1298 2113 lint,
1321 2072 1366 2107 in
1382 2076 1558 2117 promtu
1574 2069 1730 2107 habeo.
1754 2068 1958 2116 Quarum
1974 2077 2089 2115 quae-

441 2122 542 2159 dam
564 2121 619 2159 est
641 2122 855 2160 Machina
877 2123 1120 2170 eademque
1144 2126 1311 2161 caeteris
1334 2124 1534 2171 amplior,
1558 2123 1834 2170 sesquialtero
1856 2121 2034 2161 Circulo
2053 2118 2091 2158 ἃ

442 2177 570 2212 vnico
586 2176 683 2212 Axe
705 2178 856 2213 omnia
877 2176 1183 2223 expeditissime
1205 2179 1310 2215 citra
1331 2177 1466 2214 vllam
1488 2179 1646 2214 erroris
1667 2176 1953 2224 suspicionem
1973 2173 2090 2214 exhi·

441 2229 559 2265 bens.
578 2228 698 2274 Quin
712 2228 748 2266 &
762 2229 1019 2266 Zodiacales
1031 2230 1239 2267 Veterum
1253 2230 1475 2272 Armillas,
1493 2233 1538 2268 in
1554 2232 1768 2278 promtius
1784 2229 2014 2277 minusque
2029 2238 2090 2266 er-

443 2284 528 2319 rori
546 2283 787 2320 obnoxium
806 2283 1117 2329 compendium
1134 2284 1393 2331 redegimus,
1411 2287 1524 2322 itavt
1541 2290 1731 2331 quatuor
1747 2283 1896 2322 saltem
1908 2281 2091 2322 Circulis

443 2335 675 2382 indigeant.
693 2335 728 2372 &
744 2338 895 2373 omnia
910 2336 1212 2378 nihilominus.
1228 2349 1328 2383 quae
1343 2340 1538 2384 antiquae
1552 2338 1652 2379 illae.
1670 2338 1887 2386 longeque
1901 2346 2090 2376 commo-

443 2389 540 2426 dius
557 2388 593 2426 &
611 2391 768 2426 certius
789 2389 998 2436 praestent.
1021 2389 1150 2427 Tales
1172 2391 1431 2428 iamdudum
1449 2398 1569 2429 tanta
1586 2403 1764 2438 quoque
1781 2393 2030 2439 capacitate,
2049 2393 2091 2426 vt

443 2441 607 2489 lingula
631 2445 800 2480 minuta
824 2442 1150 2480 discriminatim
1175 2446 1440 2485 contineant,
1467 2444 1591 2482 firme
1615 2444 1884 2488 fabresadlas,
1910 2443 2092 2483 construi

444 2495 540 2537 seci;
565 2496 661 2533 licet
683 2508 737 2533 ne
759 2496 829 2533 hae
851 2496 1081 2539 subtilitati,
1107 2496 1143 2533 8(
1167 2498 1413 2535 certitudini
1435 2510 1570 2544 quam
1592 2498 1798 2542 desidero,
1822 2498 2091 2538 satisfaciant.

1807 2552 2092 2591 Armillarum

2123 1062 2152 1088 1⁵

2112 1322 2164 1354 141

2125 2129 2157 2156 33
