2164 3246
70 818 100 844 to

69 1085 99 1111 15

66 1352 100 1379 20

66 1620 99 1646 25

429 220 1086 260 PROGYMNASMATUM
1108 223 1311 261 PRIMA
1333 225 1482 263 PARS
1731 227 1781 265 79

137 325 251 367 ducti
272 326 368 365 sunt
390 326 479 365 duo
499 327 642 364 Arcus
662 326 755 365 AG
777 326 815 364 8(
835 327 928 371 AF,
950 334 992 365 vt
1014 340 1067 366 ex
1087 329 1176 376 ipsa
1198 329 1506 369 Delineatione
1529 332 1783 380 intelligenti

136 381 233 420 satis
250 385 379 428 patet.
401 379 629 426 Quoniam
645 381 773 428 igitur
789 380 976 418 daturin
992 381 1231 430 Triangulo
1249 383 1385 427 BAG,
1408 385 1539 422 Latus
1557 385 1634 422 BA
1652 385 1782 423 Com-

136 434 407 483 plementum
426 433 683 471 Altitudinis
704 433 797 471 Poli
820 434 875 472 ad
896 434 959 477 90,
981 434 1018 472 &
1041 435 1131 473 GA
1153 435 1539 483 Complementum
1560 450 1675 476 verae
1697 439 1782 477 De-

136 488 383 527 clinationis
399 486 524 531 Solis,
546 486 749 534 Angulus
765 492 914 525 autem
931 487 1064 525 GBA
1082 488 1136 526 est
1154 489 1540 536 Complementum
1557 492 1782 530 Azimuthi

135 542 191 581 ad
214 546 358 589 partes
383 539 453 579 180
475 539 550 578 seu
572 539 906 578 Semicirculum
932 552 958 579 a
984 541 1235 580 Meridiano
1261 541 1526 593 nume-nram
1553 551 1682 591 atque
1708 557 1784 592 per

137 593 500 634 Obseruationem
520 595 697 641 cogniti;
720 593 881 632 idcirco
903 606 1003 632 cum
1026 596 1072 632 in
1092 594 1332 643 Triangulo
1353 596 1464 634 dicto
1486 597 1675 635 constent
1696 599 1783 636 duo

136 648 304 692 Latera,
321 659 423 686 cum
438 658 526 685 vno
540 646 732 695 Angulo,
749 658 841 685 non
856 647 1004 685 latebit
1019 650 1194 686 tertium
1211 649 1343 686 Latus
1361 649 1457 687 BG:
1476 650 1783 697 Complemen-

135 707 228 741 tum
243 712 361 739 verae
376 700 632 739 Altitudinis
649 700 762 739 Solis
778 702 824 738 in
839 700 915 738 tali
931 701 1185 739 Azimutho.
1203 702 1395 749 Ideoque
1413 702 1449 740 8(
1468 703 1558 741 GD
1575 704 1663 750 ipsa
1678 705 1782 742 Alti—

135 755 241 794 tudo
260 765 377 793 vera.
399 754 457 792 At
477 765 554 802 per
570 753 936 793 obseruationem
954 754 1139 792 dabatur
1160 755 1241 792 FD
1262 755 1500 794 sublimitas
1521 756 1632 794 Solis
1653 769 1783 804 appa—

136 819 248 853 renS‚
264 809 334 847 cui
349 813 499 846 tamen
515 807 701 846 addatur
712 807 954 846 Parallaxis
965 809 1011 845 in
1023 808 1234 846 consimili
1247 809 1505 847 Eleuatione
1519 813 1785 857 proueniens

135 862 207 910 (eo
222 861 341 910 quod
357 860 453 900 haec
465 860 614 900 Solem
624 860 772 899 versus
784 861 1078 899 Horizontem
1090 862 1280 906 inclinet,
1294 861 1331 899 8(
1344 861 1662 901 Κεῑτειέὶίοῃεω
1676 875 1783 901 non-

136 914 246 955 nihil
266 914 485 961 emendet)
506 914 560 953 fic
580 914 891 963 cognoscemus
912 914 1225 953 exaltationem
1246 915 1358 953 Solis
1378 918 1423 953 in
1441 916 1472 953 F
1488 923 1784 963 apparentem,

135 968 427 1008 fiaParallaxi
438 967 612 1016 prorsus
621 967 731 1006 foret
743 968 895 1006 libera:
909 968 978 1006 Ab
991 968 1073 1006 hac
1085 968 1327 1007 auferendo
1339 980 1489 1007 veram
1497 970 1784 1008 Altitudinem

135 1033 211 1071 per
229 1021 584 1070 supputationem
601 1023 647 1060 in
666 1022 823 1060 eodem
839 1021 1081 1060 Azimutho
1098 1022 1397 1067 adinuentam,
1420 1023 1591 1061 dabitur
1608 1023 1689 1061 FG
1707 1023 1783 1061 Re-

134 1074 284 1115 fraffio
300 1075 491 1124 quaefita.

187 1129 311 1168 Alter
330 1129 490 1168 modus
509 1131 571 1167 ita
589 1128 926 1167 administretur:
948 1129 1028 1167 Per
1044 1128 1380 1167 Instrumentum
1397 1130 1631 1167 Armillare
1649 1132 1783 1168 maxi-

134 1194 258 1222 mum
274 1182 422 1231 (quale
438 1182 566 1221 nobis
581 1184 628 1220 in
643 1188 833 1230 promtu,
850 1182 922 1220 vbi
936 1182 1124 1221 Armilla
1141 1183 1447 1227 conuolubilis,
1465 1195 1564 1230 quae
1582 1183 1784 1221 Declina-

135 1238 275 1275 tiones
290 1235 524 1281 mensurat,
542 1235 597 1274 est
613 1236 655 1274 10
670 1237 834 1284 pedum
850 1238 896 1274 in
913 1236 1161 1283 Diametro)
1178 1239 1302 1274 cuius
1313 1238 1422 1274 Axis
1439 1239 1639 1284 vtrinque
1657 1236 1784 1274 Polos

135 1289 297 1329 Mundi
317 1288 574 1328 exactissime
595 1289 774 1337 respicit,
796 1289 971 1328 firmato
992 1292 1037 1328 in
1059 1292 1152 1328 eius
1173 1290 1416 1328 meditullio
1436 1289 1659 1338 Cylindro,
1682 1289 1719 1327 8(
1740 1292 1784 1327 in

136 1342 485 1382 circumferentia
500 1341 806 1382 circumductis
822 1343 1258 1391 correspondentibus
1275 1343 1539 1391 PinnacidijS
1556 1343 1690 1389 (velut
1706 1343 1784 1381 hu-

135 1399 203 1436 ius
223 1396 262 1436 &
281 1396 473 1436 aliorum
493 1397 886 1435 Instrumentorum
908 1399 954 1435 in
978 1395 1221 1445 supradieto
1243 1397 1373 1435 Libro
1396 1396 1648 1435 structuram
1669 1408 1784 1434 com-

134 1455 366 1499 petentem,
379 1450 628 1499 planiorem
639 1451 838 1497 reddam)
853 1450 1117 1489 Obseruetur
1129 1450 1241 1489 Solis
1254 1450 1502 1488 Declinatio
1514 1452 1634 1488 iuxta
1647 1449 1784 1488 Solsti—

134 1506 244 1543 tium
253 1503 484 1549 AEstiuum,
501 1504 632 1552 idque
650 1507 782 1543 etiam
798 1505 853 1543 ab
866 1504 978 1543 Ortu
995 1507 1089 1542 eius
1104 1506 1150 1542 in
1163 1504 1409 1547 Meridiem,
1428 1503 1465 1541 8(
1482 1504 1638 1541 deinde
1655 1503 1785 1550 vsque

135 1559 182 1596 in
193 1557 419 1603 Occasum,
436 1559 482 1596 in
498 1563 615 1597 certa
625 1558 883 1603 Altitudine,
900 1570 1001 1606 quae
1017 1558 1177 1606 vbique
1193 1569 1282 1596 vna
1296 1556 1510 1595 beneficio
1527 1557 1704 1595 alterius
1719 1557 1784 1594 In-

134 1610 369 1656 strumenti‚
384 1617 531 1660 vtpote
548 1611 819 1659 Quadrantis
835 1612 905 1650 vel
922 1612 1196 1655 eiuscemodi,
1217 1611 1334 1658 quod
1351 1611 1463 1649 Solis
1480 1611 1785 1648 Eleuationem

135 1664 360 1714 diligenter
379 1667 596 1710 metiatur,
620 1665 880 1704 annotanda
900 1667 1029 1703 venit.
1055 1665 1173 1703 Hinc
1195 1676 1271 1712 per
1292 1666 1509 1713 cognitam
1530 1666 1575 1701 in
1597 1670 1701 1701 nota
1722 1663 1784 1701 su-

135 1718 344 1758 blimitate
369 1725 657 1767 apparentem
682 1719 1051 1763 Declinationem‚
1079 1717 1292 1757 Refractio
1319 1720 1363 1755 in
1390 1717 1567 1756 Circulo
1593 1717 1785 1755 verticali

135 1783 222 1811 vna
237 1771 456 1811 constabit.

187 1825 307 1865 Nam
327 1826 557 1865 retinendo
578 1828 771 1874 priorem
792 1826 1131 1874 Figurationem.
1155 1827 1369 1873 quoniam
1390 1825 1460 1862 hic
1482 1827 1527 1862 in
1547 1823 1786 1871 Triangulo

135 1878 268 1925 BAF,
294 1879 454 1918 dantur
475 1882 559 1919 tria
581 1880 750 1923 Latera,
777 1880 860 1918 BA
884 1880 1273 1927 Complementum
1295 1879 1550 1916 Altitudinis
1575 1877 1678 1918 Poli.
1706 1877 1786 1914 AF

135 1931 524 1981 Complementum
547 1933 821 1972 Eleuationis
844 1933 1098 1977 obseruatae,
1123 1933 1160 1970 8(
1181 1932 1256 1970 AF
1280 1932 1668 1979 Complementum
1693 1932 1786 1967 eius

135 1985 456 2026 Declinationis
471 1999 549 2035 per
559 1987 796 2026 Armillam
812 1987 1077 2035 conquifitae,
1095 1998 1195 2034 quae
1207 1986 1281 2024 tali
1294 1986 1525 2023 Altitudini
1538 1983 1785 2030 correspon-

135 2040 216 2078 det.
240 2040 404 2079 Idcirco
427 2052 519 2079 non
541 2041 813 2089 ignorabitur
837 2053 859 2079 e
883 2042 994 2079 datis
1017 2041 1152 2078 tribus
1174 2040 1412 2082 Lateribus,
1437 2038 1638 2086 Angulus
1660 2036 1784 2074 BAF.

135 2092 284 2140 Quare
296 2096 343 2132 in
353 2093 595 2143 Triangulo
607 2094 743 2139 AGF,
759 2106 781 2133 e
797 2097 911 2132 notis
923 2094 1096 2132 duobus
1109 2093 1347 2136 Lateribus,
1361 2092 1437 2130 AF
1449 2091 1786 2138 Complemento

138 2145 457 2186 Declinationis
473 2147 588 2193 visae,
604 2148 693 2187 AG
710 2148 1049 2196 Complemento
1067 2146 1258 2185 eiusdem
1275 2157 1404 2187 verae,
1422 2145 1459 2182 8(
1476 2144 1653 2192 Angulo
1667 2143 1785 2181 GFA

137 2211 191 2238 ex
202 2199 542 2250 Complemento
554 2201 667 2240 BFA
684 2202 818 2240 modo
835 2203 1004 2240 inuenti
1017 2201 1071 2239 ad
1084 2199 1432 2241 Semicirculum:
1451 2200 1555 2246 quia
1571 2197 1787 2235 habentur

137 2253 226 2292 duo
237 2254 395 2294 Latera
410 2267 511 2294 cum
526 2267 616 2294 vno
628 2255 819 2304 Angulo,
837 2267 928 2293 non
945 2255 1092 2293 latebit
1108 2256 1282 2292 tertium
1299 2252 1389 2295 FG,
1408 2250 1725 2290 Refractionem
1743 2253 1786 2286 in

138 2305 316 2346 Circulo
335 2309 531 2347 verticali
554 2309 883 2357 repraesentans,
908 2311 978 2347 cui
1001 2315 1148 2347 tamen
1172 2307 1374 2345 addenda
1395 2307 1512 2343 venit
1535 2304 1786 2343 ParallaxiS.

137 2371 190 2399 eo
212 2361 331 2409 quod
355 2362 504 2401 Solem
527 2363 813 2401 decliuiorem
836 2362 999 2405 reddat,
1026 2373 1130 2399 nam
1154 2360 1240 2398 fine
1264 2360 1346 2398 hac
1370 2371 1446 2407 per
1470 2357 1786 2396 Refractionem

136 2413 264 2453 altior
283 2422 526 2463 appareret,
548 2415 586 2454 8(
607 2416 662 2454 ob
683 2416 726 2454 id
747 2418 890 2454 maior
910 2415 1020 2453 foret
1037 2413 1262 2453 Resradtio
1280 2413 1360 2451 Vel
1377 2412 1429 2450 fic
1447 2413 1562 2450 idem
1579 2410 1785 2449 obtinebi—

136 2478 246 2506 mus.
264 2467 383 2516 Quia
398 2471 444 2507 in
455 2469 696 2518 Triangulo
710 2469 823 2507 BAF
839 2470 998 2507 dantur
1015 2471 1095 2506 tria
1109 2468 1264 2506 Latera
1282 2468 1341 2513 (vt
1358 2466 1464 2511 dixi)
1482 2464 1685 2503 constabit
1698 2464 1785 2500 An-

136 2520 263 2569 gulus
274 2522 330 2561 ad
342 2522 389 2560 B.
407 2522 513 2561 Inde
525 2525 571 2560 in
582 2522 823 2571 Triangulo
837 2522 974 2565 BAG,
992 2525 1096 2569 quia
1113 2520 1429 2569 cognoscuntur
1441 2519 1529 2557 duo
1543 2518 1696 2555 Latera
1710 2516 1784 2553 BA

1400 2572 1785 2618 Complementum
