2164 3246
437 211 1097 251 PROGYMNASMATUM
1118 214 1324 253 PRIMA
1345 216 1496 256 PARS
1719 220 1796 259 263

1183 342 1423 370 LONGITVDO
1471 346 1673 373 LATITVDO
1715 339 1772 364 1*-

379 363 678 388 DENOMINATIO
697 363 935 389 STELLARVM

172 464 301 496 Tertia
318 464 368 496 ab
385 465 527 496 eadem
544 465 657 496 lance
674 465 724 496 ad
741 468 873 496 ortum
1194 467 1231 507 ΠΙ
1285 468 1322 499 19
1370 470 1411 501 33
1472 470 1492 501 4
1548 471 1590 502 28
1643 472 1669 503 Β
1734 474 1765 505 3.

173 517 273 556 Quae
289 518 343 550 est
357 518 460 550 infra
475 518 579 550 hanc
597 519 648 550 ad
665 522 796 550 ortum
1194 520 1230 561 m
1280 522 1317 552 21
1369 524 1425 558 482
1471 523 1491 554 4
1569 525 1588 555 4
1642 526 1669 556 B
1734 528 1754 558 4

88 577 105 602 5
172 571 272 610 Quae
287 572 390 603 infra
406 572 576 603 eandem
594 572 645 603 ad
661 572 849 604 occasum
1193 573 1230 615 m
1284 575 1322 606 19
1369 577 1410 608 27
1471 577 1491 607 2
1547 578 1584 609 21
1642 579 1668 609 B
1733 582 1754 612 4

172 624 272 664 Quae
288 626 342 657 est
357 625 459 657 infra
476 625 642 658 boream
659 626 815 657 lancem
833 626 883 657 ad
901 629 1032 658 ortum
1192 626 1230 668 1η
1283 630 1321 660 15
1368 630 1411 662 46
1471 629 1490 661 8
1570 632 1587 662 7
1642 633 1668 663 Β
1733 635 1764 666 4.

533 723 775 756 SCORPIVS.

170 785 365 827 Suprema
380 786 419 818 in
434 786 564 818 fronte
1191 787 1229 829 ’1η
1278 789 1319 820 27
1366 791 1409 822 36
1473 790 1485 820 1
1567 793 1587 823 5
1640 793 1667 824 Β
1732 795 1762 825 2.

170 838 303 872 Media
318 840 357 871 in
373 840 502 872 fronte
1190 841 1228 883 Ῑη
1278 843 1320 874 26
1367 844 1408 875 59
1473 844 1484 874 l
1545 846 1600 879 543.
1639 848 1670 877 A
1731 848 1761 879 3:

42 891 124 924 261¹
169 893 356 925 Australis
371 894 491 925 trium
507 893 546 925 in
563 893 692 925 fronte
707 894 944 925 lucidiorum
1191 895 1227 936 Ῐη
1277 896 1318 927 27
1366 898 1407 928 25
1468 898 1488 927 5
1544 899 1599 933 223
1638 901 1670 931 Α
1730 901 1760 932 3;

169 946 269 985 Quae
286 947 417 979 adhuc
433 947 559 988 magis
576 947 627 978 ad
644 947 819 979 austrum
836 948 901 983 est,
919 948 958 978 in
974 949 1073 988 pede
1190 948 1227 990 m
1276 950 1317 980 27
1365 951 1421 985 435,
1468 950 1487 981 8
1543 952 1599 986 27}
1637 955 1669 985 A
1729 955 1760 986 4,

169 1000 432 1032 Borealissima
448 1000 588 1033 frontis
1189 1002 1226 1043 m
1275 1003 1318 1034 29
1386 1005 1420 1038 3ἑ
1471 1005 1482 1035 1
1542 1006 1585 1037 42
1637 1007 1664 1038 B
1729 1008 1759 1039 4.

167 1054 334 1086 Paruula
349 1054 388 1086 in
404 1054 446 1096 A
462 1062 556 1086 cum
572 1055 703 1086 lucida
718 1054 859 1086 frontis
876 1054 905 1085 8z
922 1056 1056 1094 quinta
1188 1055 1226 1097 Ῐη
1275 1056 1317 1087 28
1387 1059 1405 1089 7
1466 1057 1486 1088 O
1546 1059 1584 1090 14
1637 1061 1664 1091 B
1728 1063 1759 1092 5.

166 1107 399 1140 Praecedens
415 1115 497 1145 cor,
515 1109 566 1139 ad
582 1108 749 1140 boream
1188 1111 1226 1149 ,a
1297 1110 1317 1140 2
1368 1112 1401 1142 11
1466 1111 1485 1142 3
1542 1114 1583 1143 55
1636 1116 1668 1145 Α
1727 1115 1747 1145 4

69 1165 99 1190 15
167 1160 211 1192 In
226 1160 358 1193 medio
375 1161 551 1199 rutilans,
568 1162 737 1193 Antares
754 1162 818 1193 seu
836 1162 911 1193 Cor
927 1161 1029 1193 did'ta
1188 1165 1226 1202 a
1296 1164 1317 1194 4
1367 1165 1404 1196 13
1465 1165 1485 1195 4
1541 1166 1582 1197 27
1635 1169 1668 1198 Α
1732 1169 1758 1199 1.

78 1218 98 1250 -1-
166 1213 266 1252 Quae
282 1222 354 1247 cor
369 1214 540 1255 sequitur
556 1215 607 1246 ad
624 1215 799 1247 austrum
1188 1218 1225 1255 ,ᾖ
1296 1218 1315 1247 5
1363 1219 1404 1250 53
1466 1219 1485 1249 5
1540 1219 1582 1250 50
1635 1222 1667 1252 Α
1727 1222 1747 1252 4

166 1267 210 1299 In
224 1268 542 1308 praecedentibus
557 1268 808 1301 inferioribus
825 1269 991 1309 pedibus
1187 1271 1225 1309 ,Z
1296 1270 1316 1301 O
1363 1272 1418 1306 46}
1465 1271 1485 1302 6
1540 1272 1596 1307 371»
1635 1276 1667 1305 Α
1727 1276 1757 1306 5.

480 1366 814 1398 SAGITTARIVS.

165 1427 208 1460 In
223 1428 374 1461 boreali
389 1432 503 1469 parte
519 1437 637 1461 arcus
653 1430 823 1461 duarum
841 1430 1047 1462 australior

164 1481 366 1514 Borealior
381 1482 419 1514 in
435 1483 577 1515 eadem
593 1486 705 1523 parte
722 1491 840 1515 arcus

164 1534 209 1567 In
224 1535 370 1568 sinistro
386 1535 556 1568 humero

163 1588 413 1621 Antecedens
427 1589 532 1622 hane
549 1590 588 1622 in
599 1590 734 1631 jaculo

161 1641 296 1675 Trium
311 1642 350 1674 in
366 1643 495 1684 capite
511 1645 744 1684 praecedens

165 1695 296 1728 Media

163 1749 310 1782 Vltima

163 1802 292 1835 Prima
306 1803 346 1835 in
361 1803 547 1836 contanstu

164 1855 207 1888 In
223 1856 346 1889 boreo
362 1856 559 1895 contae‘m,
577 1858 709 1890 media

163 1909 338 1950 Sequens
355 1911 384 1942 81
401 1911 576 1951 superior

164 1962 251 1995 Hac
263 1964 400 1997 orient.
413 1965 531 1997 duab.
545 1965 731 2003 obscuris,
745 1966 875 1998 forma
884 1967 924 2008 A
933 1966 1133 1999 subiuntsta

164 2016 372 2050 Orientalis
388 2019 418 2050 81
434 2018 573 2050 Vltima
589 2019 627 2050 in
644 2019 831 2060 superiori
848 2020 1032 2052 contacstu

163 2069 339 2103 Obscura
354 2071 393 2103 in
408 2071 583 2104 inferiori
600 2072 785 2104 contacstu
802 2074 852 2105 ad
869 2077 1000 2105 ortum

162 2118 338 2156 obseura
353 2125 392 2156 in
407 2125 547 2158 dextro
565 2126 698 2158 cubito

1186 1435 1224 2165 ωωωωωωωωωωωωνῃω

1275 1752 1313 1783 Ξ

1360 1754 1401 1785 ὃ

1460 1432 1487 2159 ωμυιυισπ-μωμφι-ιωωωω

1537 1754 1580 1839 0²:

1630 1436 1666 2160 >ωωωωωωωωω>>ω>

1722 1435 1756 2160 ,αφαοκυι-ειςπκ-ειςμᾼμᾼῒμᾼ

469 2224 818 2256 CAPRICORNVS.

161 2283 333 2317 Borealis
347 2285 467 2318 trium
483 2286 522 2318 in
538 2295 663 2319 cornu
680 2288 931 2328 praecedente
1188 2291 1213 2325 z
1268 2288 1310 2319 28
1361 2288 1399 2319 18
1461 2289 1478 2319 7
1584 2291 1590 2323 ξ,
1631 2289 1657 2320 Β
1721 2289 1740 2320 3

59 2338 94 2365 ³⁵
161 2336 292 2370 Media
1188 2344 1212 2379 z
1268 2341 1310 2372 28
1357 2342 1394 2372 51
1459 2342 1479 2373 6
1535 2342 1576 2373 53
1630 2343 1657 2373 Β
1722 2342 1741 2373 6

160 2391 347 2424 Australis
1188 2398 1212 2432 z
1268 2395 1309 2426 28
1356 2395 1393 2426 31
1459 2396 1478 2426 4
1534 2396 1571 2426 41
1630 2396 1656 2426 B
1720 2396 1739 2427 3

161 2443 355 2477 Nebulosa
373 2446 546 2486 superius
562 2455 686 2479 cornu
703 2449 935 2488 praecedens
1188 2452 1212 2486 z
1267 2449 1308 2479 27
1379 2448 1398 2479 8
1460 2450 1477 2479 7
1538 2449 1576 2480 16
1630 2449 1655 2479 B
1721 2450 1750 2480 6.
1792 2435 1805 2486 ΙΙ

33 2491 118 2525 261'
160 2497 355 2531 Nebulosa
372 2500 566 2531 occident.
585 2501 686 2533 bafis
703 2503 743 2543 A
760 2502 798 2532 in
815 2501 943 2533 fronte
1187 2505 1211 2539 z
1267 2502 1309 2533 28
1356 2503 1396 2532 57
1458 2503 1478 2533 Ο
1534 2502 1575 2533 48
1629 2503 1654 2532 Β
1703 2511 1760 2533 ne.

1555 2575 1776 2612 Nebulosa
