2164 3246
18 346 64 379 Μ

47 560 63 586 5

35 826 66 853 10

37 1093 67 1120 15

390 229 1053 270 PROGYMNASMATUM
1074 233 1278 271 PRIMA
1300 235 1450 273 PARS
1697 237 1747 274 97

207 335 521 376 OTANDUM
538 347 659 380 uero,
677 336 796 383 quod
812 336 908 374 haec
920 341 1083 382 omnia,
1101 351 1201 386 quae
1218 340 1270 377 de
1285 341 1634 380 reuolutionibus
1647 342 1747 385 dixi,

224 401 278 428 ex
297 389 457 428 tabulis
478 391 524 427 in
544 394 669 427 motu
690 388 766 434 (3³⁵
786 391 1019 437 praemissis,
1041 396 1286 431 accuratius
1307 397 1551 432 examinari
1572 401 1747 442 queant,

99 445 137 484 ἀ
152 448 281 493 prout
297 454 409 491 opus
424 442 565 487 fuerit,
587 442 777 487 limitari,
798 444 932 481 modo
949 447 1046 491 quis
1062 448 1278 494 majorem
1296 448 1342 485 in
1362 447 1430 485 his
1451 448 1749 495 praecifionem

98 499 302 546 requirat.
326 495 560 543 Quamuis,
581 501 628 534 ut
644 495 788 534 dicam
809 497 864 540 id,
887 498 1005 544 quod
1026 510 1094 536 res
1115 499 1181 543 est,
1203 499 1286 538 hoc
1308 500 1446 547 ipsum
1467 500 1635 539 summa
1655 501 1748 539 sub-

98 551 250 591 tilitate
269 549 447 588 scrutari
466 548 505 587 81
522 548 828 594 determinare,
850 552 988 598 magis
1009 551 1183 590 difficile
1206 552 1243 590 &
1263 555 1513 591 intricatum
1534 554 1590 597 fit,
1616 566 1749 602 quam

98 609 285 654 putetur,
305 608 508 642 ueterum
523 602 915 647 obseruationibus,
942 615 1042 651 quae
1064 616 1199 652 quam
1220 609 1412 644 maxime
1433 607 1518 644 huc
1537 608 1749 646 conduce-

99 662 206 703 rent,
222 656 397 705 fibiipfis
413 667 505 694 non
521 655 831 694 constantibus:
850 656 982 703 Quod
999 657 1071 695 uel
1087 658 1217 705 ipfius
1229 659 1475 706 Hipparchi
1494 661 1642 707 (quem
1660 672 1750 708 prae

100 712 267 751 caeteris
289 709 538 758 diligentius
561 709 721 748 talibus
743 710 962 748 attendisse
983 711 1228 749 uerofimile
1251 712 1321 758 est)
1347 713 1612 757 traditiones,
1638 716 1751 752 intra

100 769 304 814 quartam
328 763 415 802 diei
438 768 622 811 partem,
652 762 854 810 pauculis
878 763 1111 802 interiectis
1136 767 1276 809 annis,
1308 777 1399 803 non
1425 766 1750 810 consentientes.

100 817 303 867 probant:
324 821 372 855 ut
391 816 444 855 de
465 818 634 855 caeteris
653 818 793 864 magis
814 816 959 855 adhuc
980 817 1123 855 dubiis
1144 818 1255 856 nihil
1276 819 1448 857 addam.
1472 820 1571 857 Hoc
1592 826 1751 863 tamen,

100 877 191 911 tam
213 883 267 909 ex
288 869 548 918 Hipparchi,
573 881 709 918 quam
732 869 830 918 alijs
852 871 1151 918 antiquissimis
1174 873 1366 910 inuentis
1389 873 1531 920 colligi
1554 874 1663 920 posse
1687 885 1751 911 ar-

101 925 247 970 bitror,
271 923 515 972 ipfissimam
539 925 649 962 anni
673 922 995 971 aequinoctialis
1017 926 1306 972 quantitatem
1328 925 1630 964 uniuersaliter
1653 938 1752 964 con-

101 977 330 1018 fiderando
345 975 427 1026 49l,
443 976 559 1016 ultra
575 977 668 1015 dies
684 976 723 1015 &
738 976 872 1015 horas
889 984 1147 1026 compertas,
1165 990 1300 1026 quam
1316 981 1515 1026 proxime
1532 981 1752 1028 attingere,

102 1031 303 1081 pauculis
321 1030 600 1069 solummodo
621 1029 724 1069 hine
745 1031 847 1069 inde
864 1030 1113 1070 defideratis
1128 1034 1338 1076 minutiis,
1360 1044 1460 1080 quae
1477 1035 1552 1070 uix
1568 1033 1754 1081 alicujus

102 1086 316 1124 momenti
334 1084 443 1123 sunt.
465 1083 569 1132 Qua
583 1083 637 1122 de
653 1095 699 1122 re
715 1083 820 1122 alibi
838 1087 1085 1123 accuratius
1106 1085 1312 1129 disserere,
1334 1098 1568 1134 meamque
1589 1086 1753 1124 senten-

102 1141 210 1178 tiam
228 1138 403 1187 plenius
424 1149 645 1185 exponere
666 1137 855 1182 decreui,
877 1138 1107 1186 repudiata
1127 1141 1301 1177 interim
1318 1151 1370 1177 ea
1386 1142 1491 1177 anni
1508 1139 1671 1178 Solaris
1692 1142 1753 1177 in-

104 1191 354 1241 aequalitate
375 1193 527 1235 nimia,
549 1202 650 1239 quae
671 1203 698 1229 a
718 1191 1034 1230 recentioribus
1055 1192 1110 1230 ob
1132 1193 1442 1230 antecessorum
1463 1195 1609 1231 minus
1630 1204 1753 1231 accu-

103 1250 220 1285 ratas
230 1244 558 1284 obseruationes
569 1246 838 1293 apparentiis
849 1244 1005 1283 subesse
1016 1251 1205 1293 putatur.
1218 1246 1367 1284 Vnum
1379 1258 1486 1284 uero
1498 1246 1754 1294 subiungere

103 1299 234 1345 lubet,
251 1298 383 1347 quod,
399 1298 429 1336 fi
445 1300 543 1346 quis
559 1298 861 1337 reuolutiones
876 1299 1011 1337 modo
1023 1299 1282 1347 praescripto,
1300 1299 1412 1338 hisce
1424 1302 1634 1347 proximis
1646 1311 1754 1347 prae-

104 1352 246 1391 sertim
267 1352 434 1396 seculis,
457 1353 582 1390 certis
605 1354 734 1390 annis
758 1354 1074 1391 conuenienter
1096 1353 1450 1397 accommodarit,
1473 1355 1688 1400 majorem
1710 1355 1756 1390 in

104 1408 157 1455 ijs
167 1405 480 1454 depraehendet
491 1405 809 1450 certitudinem,
821 1417 958 1453 quam
969 1406 998 1444 fi
1010 1408 1168 1454 quauis
1181 1406 1269 1444 alia
1280 1412 1426 1444 utatur
1437 1408 1618 1449 ratione.
1632 1406 1755 1449 adeo,

104 1464 152 1498 ut
166 1459 483 1508 Copernicaeus
499 1458 712 1498 Calculus
727 1459 827 1507 plus
843 1470 978 1507 quam
990 1459 1290 1508 Alphonfinus
1307 1459 1377 1498 hic
1395 1460 1620 1498 exorbitet:
1639 1460 1756 1507 quod

105 1513 178 1552 uel
198 1512 301 1552 [01ae
321 1511 598 1551 Diredtiones
620 1514 699 1551 rite
723 1512 1032 1551 administratae
1058 1512 1331 1561 patefacient,
1357 1525 1457 1560 quae
1481 1525 1559 1561 pro
1583 1512 1757 1561 fingulis

459 1610 734 1649 TABELLA
754 1610 1147 1658 AEQUATIONIS
1169 1611 1404 1649 DIERUM

763 1662 1103 1694 NATURALmM

467 1728 514 1763 <

790 1784 806 1786 Ι
739 1728 780 1764 (8)

1280 1729 1310 1875 Ξωω

744 1797 792 2556 ωωωὲωωωξᾼᾼωωμααΞΜ

805 2543 808 2549 ,
806 2437 807 2443 a
805 2182 807 2271 „⁴st
804 2090 806 2097 ,
804 1898 805 1905 ᾼ
801 1809 812 1833 Γ

1376 1904 1412 2553 ἶιοοοοοοοοοοοοοοιὶικικιΞ-κσκσκυι
1369 1850 1399 1875 3
1373 1798 1397 1822 >
1363 1732 1403 1758 ξξ

1466 1903 1500 2554 ¹<qmrumenam&‹.1=ce=‹.·>0i¹c5xx1x1x1
1457 1850 1487 1874 Ξ
1459 1798 1483 1821 >
1454 1724 1490 1765 ><
1477 1671 1480 1674 Δ

481 1797 499 1823 S

475 1851 508 1876 M

483 1903 504 1934 0

487 1947 500 1979 1

487 1992 500 2023 1

483 2036 504 2068 2

483 2081 503 2113 3

484 2125 504 2157 3

484 2170 537 2201 4,

484 2215 504 2245 5

484 2259 504 2290 5

484 2303 538 2346 61

484 2347 538 2379 6,

486 2393 505 2423 7

486 2437 520 2471 7.

486 2480 506 2512 8

485 2524 539 2559 8—1

218 2587 248 2612 13
1237 2554 1243 2557 —
1609 2576 1760 2612 diebus
