2164 3246
383 225 1040 266 PROGYMNASMATUM
1062 228 1375 268 SECUNDA
1397 229 1548 268 PARS
1715 229 1792 268 325

141 333 311 372 AEtheri
342 332 537 371 altissimo
562 332 765 377 insistunt,
797 334 1079 373 Reuolutioni
1105 335 1276 374 diurnae
1302 336 1548 375 Vniuersali
1574 336 1793 384 obtempe-

142 392 251 431 rant,
273 397 417 434 neque
434 385 552 424 hunc
568 386 638 424 vel
654 386 779 424 illum
796 389 842 424 in
858 387 1002 426 Terris
1019 390 1157 436 magis
1173 389 1403 437 minusque
1421 390 1613 428 indicant
1634 390 1792 428 locum.

143 440 264 487 Quin
281 439 380 478 &in
396 440 512 478 Aere
533 439 748 487 supremo,
770 441 842 478 vbi
859 441 1068 479 Cometas
1086 445 1285 489 generari
1306 442 1410 481 falso
1430 444 1576 481 docuit
1592 444 1793 482 Aristote-

141 494 216 538 les,
233 493 507 532 manfionem
522 505 614 531 non
630 492 795 531 habuit.
809 493 860 539 Jd
877 496 996 532 enim
1013 496 1193 533 concedi
1209 508 1300 533 non
1316 496 1460 543 potest,
1477 503 1520 534 vt
1535 497 1694 544 aliquis
1706 509 1793 535 cer-

89 560 105 586 5
141 552 211 586 tus
230 549 277 585 in
291 546 428 585 Terra
448 546 571 584 locus
592 547 750 584 exinde
771 548 992 585 notandus
1013 547 1134 592 foret,
1156 549 1359 587 reuoluto
1382 550 1441 596 (vt
1462 550 1534 588 ille
1553 550 1661 596 vult)
1678 552 1793 589 Aere

143 600 218 639 illo
235 600 402 638 excelso
419 600 474 638 ad
492 599 608 638 Coeli
625 602 1025 639 concomitantiam.

195 654 334 692 Fuere
360 654 539 701 quidem
564 653 781 697 nonnulli,
808 656 883 701 qui
905 653 1139 693 Cometam
1164 654 1280 693 fuisse
1307 655 1486 694 Stellam
1512 656 1626 694 hanc
1650 657 1794 705 Magis

53 715 119 748 326
142 713 442 755 apparentem,
466 708 705 746 asseuerare
728 719 820 745 non
844 707 1113 746 dubitarunt:
1134 708 1254 753 Jnter
1278 720 1389 756 quos
1412 706 1426 759 ΙΙ
1449 709 1695 753 Cardanus,
1720 713 1793 758 qui

84 770 104 801 †
142 761 261 800 hunc
273 760 531 800 CHRISTO
543 760 735 799 nascenti
747 763 792 798 in
803 761 1077 799 Ascendente
1095 762 1290 805 collocat,
1309 762 1429 809 quafi
1445 763 1552 801 illud
1569 764 1685 801 idem
1702 765 1794 802 esset

74 827 105 854 ιο
143 826 244 853 cum
260 826 326 859 eo,
343 814 463 862 quod
479 815 579 853 dicit
595 814 883 862 Euangelista,
900 814 1036 853 visam
1052 827 1079 853 a
1095 815 1240 863 Magis
1257 818 1302 853 in
1316 816 1495 854 Oriente
1513 816 1708 859 Stellam:
1725 817 1794 855 sed

141 868 184 906 id
207 867 293 912 ille,
319 870 553 916 caeterique
577 870 671 906 eius
694 868 869 911 asseclae,
896 868 994 915 plus
1019 870 1164 916 impie,
1192 870 1327 916 quam
1350 869 1457 908 iusta
1481 872 1661 914 ratione,
1689 883 1793 918 quo-

141 921 453 969 modocunque
482 921 662 960 tandem
692 921 907 965 excusent,
937 922 1193 965 asseuerant;
1224 928 1267 960 vt
1297 923 1467 970 reliqua
1498 924 1646 971 (pudet
1677 927 1794 962 enim

141 974 319 1022 referre)
341 986 442 1023 quae
462 975 741 1023 Astrologicis
761 975 846 1013 suis
867 977 1127 1013 commentis
1148 975 1231 1014 hac
1253 976 1305 1014 de
1329 988 1374 1014 re
1398 976 1586 1021 inseruit,
1610 989 1700 1015 non
1722 979 1794 1016 ad-

141 1028 314 1068 ducam.

75 1095 105 1121 15
195 1081 309 1121 Solis
325 1081 500 1130 insuper
511 1082 658 1131 Magis
674 1082 770 1121 haec
782 1082 917 1121 Stella
928 1082 1172 1126 videbatur;
1191 1083 1367 1131 (Neque
1385 1086 1503 1121 enim
1520 1084 1657 1122 Iudaei
1674 1085 1795 1123 illam

142 1136 390 1181 cernebant,
411 1141 504 1174 vtut
520 1135 699 1174 illorum
716 1136 955 1184 Regionem
972 1136 1285 1180 transeuntem;
1307 1137 1506 1184 alioquin
1525 1150 1615 1175 non
1631 1144 1721 1176 tam
1737 1138 1795 1176 se-

141 1189 247 1228 dulo
259 1189 463 1228 Herodes
479 1190 531 1228 de
549 1192 642 1228 eius
654 1190 945 1238 Apparitione
962 1195 1093 1237 atque
1110 1190 1217 1228 statu
1232 1196 1512 1237 percontatus
1528 1191 1677 1235 fuisset;
1695 1204 1795 1230 cum

141 1254 169 1282 a
189 1243 380 1282 Subditis
400 1243 518 1282 idem
539 1243 698 1282 discere
718 1243 930 1291 potuisset)
953 1243 1041 1282 fiue
1063 1244 1182 1291 quod
1203 1244 1355 1282 DEVS
1376 1244 1580 1292 singulari
1602 1246 1795 1292 quadam

141 1296 457 1344 dispensatione
473 1297 558 1335 illis
574 1297 659 1335 hoc
675 1297 861 1335 Donum
876 1299 1143 1344 impertierit,
1160 1297 1429 1345 Stellamque
1446 1298 1561 1336 hanc
1578 1299 1794 1342 obiecerit,

72 1362 105 1388 20
141 1355 186 1388 vt
201 1361 255 1389 ea
270 1350 396 1389 Duce
413 1350 575 1389 Filium
589 1350 717 1389 suum
732 1352 823 1389 iam
838 1353 1131 1395 incarnatum,
1148 1351 1471 1399 inuestigarent;
1493 1351 1580 1390 fiue
1598 1353 1715 1399 quod
1733 1353 1795 1390 illi

141 1404 431 1443 reconditiore
448 1404 599 1452 aliqua
615 1404 805 1443 Scientia
819 1405 1003 1452 praediti‚
1021 1416 1073 1443 ea
1088 1404 1395 1452 perspexerint,
1414 1416 1514 1452 quae
1531 1405 1795 1444 Mortalibus

142 1459 309 1496 caeteris
325 1460 371 1496 in
387 1458 558 1496 occulto
575 1464 711 1502 erant,
727 1457 943 1496 beneficio
956 1458 1121 1506 Magiae
1134 1458 1359 1497 cuiusdam
1371 1459 1633 1503 excellentis,
1650 1461 1695 1497 in
1711 1459 1795 1497 illis

142 1511 420 1560 Regionibus,
444 1511 716 1550 Hominibus
739 1512 968 1550 nonnullis
988 1512 1267 1560 peculiariter
1288 1513 1503 1556 concessae,
1525 1513 1639 1550 vnde
1663 1515 1794 1551 etiam

142 1565 381 1614 Magorum
406 1577 572 1604 nomen
594 1567 852 1614 acceperint.
874 1565 1014 1613 quue
1036 1568 1181 1613 potius
1202 1577 1279 1613 per
1300 1566 1445 1604 Stellae
1467 1566 1653 1604 alicuius
1673 1566 1794 1604 vifio-

71 1631 105 1657 25
142 1630 257 1663 nem,
279 1630 415 1667 quam
431 1619 520 1658 alio
535 1620 683 1658 medio
699 1619 794 1657 fieri
811 1619 966 1663 decuit,
989 1619 1107 1667 quod
1126 1619 1173 1657 hi
1190 1619 1486 1667 Sapientiores
1503 1620 1723 1658 Homines
1740 1620 1794 1658 ad

143 1671 383 1717 Orientem,
409 1672 646 1721 impensius
668 1672 904 1712 Stellarum
930 1672 1291 1721 contemplationi
1316 1672 1637 1719 addicti-ellenn
1664 1679 1794 1721 atque

142 1725 300 1764 exinde
320 1726 512 1774 plurima
532 1727 630 1775 alijs
651 1726 918 1765 Mortalibus
939 1726 1139 1770 abstrusa,
1160 1726 1522 1774 persentiscerent,
1545 1733 1587 1765 vt
1609 1727 1728 1774 quafi
1748 1727 1794 1765 fi-

141 1779 247 1825 mili,
264 1791 354 1828 quo
365 1779 682 1825 afficiebantur,
700 1782 825 1818 citius
837 1780 1128 1818 allicerentur.
1147 1780 1261 1827 Quae
1273 1786 1422 1818 autem
1435 1780 1472 1818 &
1485 1780 1627 1828 qualis
1640 1782 1795 1818 reuera

142 1832 239 1872 haec
253 1832 383 1872 fuerit
394 1833 540 1879 Stella,
556 1845 649 1872 non
665 1833 850 1872 arbitror
862 1834 1134 1872 Hominibus
1151 1834 1302 1872 datum
1317 1836 1543 1877 extricare:
1562 1846 1662 1872 cum
1674 1841 1796 1872 extra

71 1898 106 1925 30
142 1897 297 1925 omnes
313 1887 499 1926 Naturae
515 1887 632 1936 leges
650 1887 790 1932 fuerit,
812 1887 1028 1935 soliusque
1045 1887 1145 1925 DEI
1163 1888 1467 1925 immediatum
1485 1887 1621 1934 Opus,
1643 1888 1795 1934 procul

141 1940 289 1986 dubio,
304 1943 501 1979 extiterit.
518 1941 645 1980 Vnde
657 1943 792 1980 etiam
802 1942 988 1988 Antiqui
1000 1941 1147 1979 Patres
1159 1940 1234 1979 sub
1246 1940 1388 1979 forma
1400 1941 1558 1984 Stellae,
1575 1941 1796 1988 Angelum

142 1994 367 2042 quendam
386 1994 502 2033 fuisse
519 1994 760 2039 Diuinitus,
781 2000 826 2033 vt
846 1997 965 2033 viam
987 1995 1132 2042 Magis
1152 1994 1419 2037 monstraret,
1442 1995 1699 2041 deputatum
1720 2006 1795 2032 au-

141 2053 329 2086 tumant:
347 2048 466 2096 quod
482 2054 632 2087 tamen
648 2048 888 2087 indecisum
904 2048 1118 2096 relinquo.
1137 2045 1151 2097 ΙΙ

54 2107 117 2140 327
196 2101 391 2140 Fuerunt
416 2104 549 2141 etiam
573 2102 712 2150 aliqui
737 2102 820 2140 hac
845 2101 1106 2149 tempestate,
1133 2104 1209 2149 qui
1234 2101 1451 2139 insolitam
1477 2101 1592 2139 hanc
1616 2101 1795 2139 Stellam

72 2167 106 2193 35
143 2155 288 2204 Magis
304 2155 411 2194 olim
427 2158 657 2204 apparenti
673 2156 901 2195 assimilare
924 2155 1028 2202 (siue
1047 2155 1169 2198 serio,
1191 2155 1279 2193 fiue
1295 2166 1375 2202 pro
1392 2156 1551 2203 ingenij
1573 2157 1682 2197 ioco,
1704 2167 1795 2192 non

142 2208 345 2256 dixerim)
366 2209 457 2248 aufi
477 2209 584 2254 sunt,
607 2209 645 2248 &
666 2209 855 2248 Secundi
874 2210 1108 2247 Aduentus
1130 2208 1299 2251 Christi,
1322 2208 1700 2256 quemadmodum
1721 2208 1796 2246 illa

142 2262 280 2301 altera
295 2263 441 2307 Primi,
462 2265 769 2311 praenunciam
786 2264 862 2301 esse
880 2262 1188 2301 existimarunt.
1206 2262 1326 2307 Jnter
1342 2273 1453 2309 quos
1475 2264 1724 2309 praecipuus
1741 2261 1796 2299 est

142 2315 404 2355 Theodorus
420 2317 549 2361 Beza,
566 2317 644 2355 Vir
659 2317 902 2356 admodum
919 2316 1111 2359 celebris,
1134 2315 1171 2353 &
1194 2327 1285 2353 non
1302 2315 1441 2353 solum
1459 2315 1647 2357 Genere,
1669 2315 1738 2353 sed
1758 2315 1795 2353 &

143 2367 357 2408 Doctrina
375 2372 592 2418 imprimis
612 2370 798 2415 Nobilis,
823 2371 964 2417 deque
987 2370 1140 2407 Literis
1161 2375 1251 2407 tam
1272 2369 1426 2411 Sacris,
1449 2380 1583 2416 quam
1605 2369 1794 2406 Philoso-

73 2435 106 2461 ⁴0
142 2421 283 2471 phicis
299 2423 346 2471 (fi
362 2426 460 2471 quis
476 2424 590 2463 alius
607 2424 691 2462 hoc
707 2424 826 2470 aeuo)
843 2423 1053 2471 praeclare
1070 2425 1262 2466 meritus,
1283 2425 1359 2470 qui
1376 2422 1428 2460 de
1445 2422 1578 2460 Stella
1595 2422 1689 2464 hac,
1713 2422 1794 2459 ele-

86 2484 106 2515 -1-
143 2479 261 2525 ganti
278 2477 602 2526 Epigrammate
619 2477 672 2516 fic
689 2477 800 2516 lufit:

1721 2580 1794 2617 Iste
