2243 3225
448 198 514 236 168
821 189 1276 231 ASTRONOMIAE
1298 186 1720 226 INSTAURATAE

446 303 572 351 gulus
589 300 727 343 ΒΑΕ,
744 305 851 346 part.
864 298 926 336 36.
944 299 1047 334 min.
1061 297 1122 333 43.
1143 294 1185 343 ll.
1203 296 1239 339 5,
1257 296 1332 342 qui
1349 293 1641 332 differentiam
1656 293 1964 340 AEquatoriam
1980 293 2092 332 Solis

448 356 485 393 &
495 356 676 392 Veneris
688 351 940 390 manifestat.
954 351 1017 388 Ea
1028 350 1083 387 ad
1093 348 1401 386 Ascenfionem
1413 346 1588 385 Recftam
1598 346 1711 385 Solis
1722 345 1901 390 adied‘ta.
1915 349 2092 395 emergit

446 407 646 446 Ascenfio
660 404 788 443 Recta
799 405 982 442 Veneris
994 403 1036 440 P.
1050 402 1111 440 58.
1127 400 1138 449 l
1145 432 1151 439 .
1166 403 1209 439 ll.
1225 400 1236 448 l
1243 399 1254 448 l
1261 432 1267 438 .
1281 401 1316 439 8.
1335 400 1549 438 Distantia
1564 405 1714 438 autem
1725 399 1908 437 Veneris
1920 411 1947 438 a
1957 399 2093 438 Terra

446 462 513 499 501
524 460 958 498 Semidiametrorum
967 456 1128 498 Terrae.
1140 466 1217 502 per
1229 465 1364 501 quam
1376 453 1590 501 colligitur
1599 452 1850 491 Parallaxin
1859 455 1905 490 in
1915 452 2093 491 Circulo

447 513 699 551 Altitudinis
716 511 830 549 fuisse
847 512 951 547 min.
967 509 1002 546 3.
1021 507 1064 556 ll.
1078 508 1140 545 33.
1158 507 1273 545 hanc
1289 507 1540 545 Parallaxin
1556 506 1788 553 AEquatori
1805 508 1850 543 in
1866 505 1985 544 hunc
2000 517 2092 544 mo·
2128 520 2144 546 ⁵

447 568 552 604 dum
568 565 850 612 applicemus.

499 618 724 665 Trianguli
745 616 885 659 ΒΑΕ,
907 616 1040 653 Latus
1056 614 1151 657 AB.
1173 614 1215 651 P.
1233 614 1295 651 34.
1313 615 1417 651 min.
1434 614 1492 657 51,
1514 612 1712 651 distantia
1732 612 1941 650 Polorum
1961 612 2092 650 Hori-

768 691 821 727 Α
904 705 940 750 Β
1136 665 2094 768 {2⁰0¹ffi3ffl133133'5133ffi}32533233113‘35

537 735 902 945 lt
1136 780 1243 822 part.
1256 774 1318 812 64.
1335 776 1439 811 min.
1452 773 1528 817 12³2,
1546 772 1934 820 Complementum
1950 772 2092 810 Decli-
2132 786 2161 812 ιο

484 848 516 892 F
1137 829 1328 889 nationis
1344 827 1657 888 visae-Veneris.
1679 826 1797 864 Hinc
1814 837 1867 864 ex
1881 825 2092 887 Triangu-

503 764 1073 1061 ‘l‘
1137 880 2094 982 23¹3&ffgaeassfflssspfgegaeas-‘3323

1093 964 1110 1003 Ι
1405 964 1413 977 ,
1466 964 1473 971 .
1537 964 1543 971 .
1581 964 1588 971 .
1652 964 1659 971 .

612 978 761 1057 K
1139 987 1259 1025 DCE
1272 985 1537 1034 Reoangust
1550 986 1684 1024 Latus
1694 986 1778 1024 DC
1790 985 1845 1024 en
1854 985 2095 1024 ParaUaxis

807 998 1074 1113 Α
1138 1041 1394 1078 Altitudinis
1418 1040 1602 1077 Veneris
1628 1038 1653 1087 l.
1676 1039 1713 1078 3.
1739 1037 1782 1087 ll.
1805 1039 1868 1077 33.
1894 1038 2096 1087 Angulus
2134 1053 2162 1078 ιε

1086 1089 1120 1133 Η
1139 1093 1260 1132 DCE
1276 1096 1366 1132 iam
1383 1093 1613 1137 constabat,
1631 1104 1732 1141 ergo
1748 1095 1870 1131 iuxta
1885 1092 2095 1140 Triangu-

1139 1148 1284 1185 lorum
1300 1149 1492 1185 rationes
1508 1147 1762 1194 producitur
1778 1145 1873 1190 DE,
1889 1147 2043 1184 minut.
2059 1145 2095 1184 0.

1141 1200 1184 1249 ΙΙ.
1218 1202 1282 1245 45,
1321 1200 1562 1239 Parallaxis
1595 1199 1869 1237 Ascensionis
1907 1198 2095 1247 quaefita.

1140 1255 1253 1292 Haec
1275 1252 1482 1292 subdudla
1504 1254 1559 1291 ab
1582 1252 1843 1291 Ascenfione
1866 1250 1997 1290 Reeta
2015 1252 2096 1290 Ve-

1139 1310 1256 1346 neris
1272 1319 1299 1345 a
1315 1307 1415 1345 Sole
1435 1307 1631 1355 superius
1651 1306 1869 1354 indagata,
1893 1306 2097 1353 relinquit
2132 1318 2164 1344 20

449 1375 599 1402 veram
615 1362 924 1401 Ascenfionem
941 1360 1117 1400 Rectam
1133 1361 1329 1405 Veneris,
1345 1366 1453 1408 part.
1470 1360 1532 1399 58.
1550 1362 1654 1398 min.
1672 1360 1725 1398 10.
1744 1358 1787 1407 ll.
1804 1359 1867 1397 23.

503 1417 669 1455 Eodem
686 1417 770 1454 Die
787 1417 829 1454 P.
843 1416 906 1454 M.
923 1416 1032 1453 Hor.
1045 1416 1081 1454 8.
1096 1415 1158 1453 Μ.
1172 1415 1234 1457 53,
1252 1414 1465 1452 Distantia
1481 1416 1593 1451 inter
1608 1414 1827 1451 Venerem
1839 1412 1878 1451 &
1889 1412 2096 1450 Meridio-

449 1471 548 1508 nale
562 1470 707 1518 Caput
719 1469 1016 1508 Geminorum
1031 1481 1108 1516 per
1124 1469 1240 1506 idem
1258 1467 1596 1505 Instrumentum
1609 1466 1838 1505 obseruata
1850 1465 1904 1504 est
1915 1471 2023 1514 part.
2034 1465 2096 1504 45.

451 1523 476 1572 l.
489 1524 551 1562 37.
570 1523 818 1561 Declinatio
834 1523 1018 1560 Veneris
1035 1524 1148 1560 circa
1164 1522 1248 1560 hoc
1263 1527 1436 1568 tempus
1452 1526 1558 1568 part.
1576 1520 1639 1559 25.
1656 1522 1760 1558 min.
1773 1519 1824 1558 48
1841 1519 1995 1558 Borea.
2012 1518 2097 1557 De·

451 1577 626 1615 clinatio
644 1576 951 1614 Meridionalis
969 1576 1135 1623 Capitis
1152 1578 1185 1619 Π
1201 1576 1357 1613 eodem
1373 1576 1508 1612 Anno
1525 1580 1616 1612 erat
1631 1580 1739 1621 part.
1756 1573 1818 1612 28.
1835 1575 1940 1611 min.
1955 1573 2018 1612 57.
2035 1572 2097 1611 Ex
2132 1585 2163 1611 2⁵

451 1631 518 1668 his
531 1631 640 1668 datis
652 1630 848 1668 distantia
860 1629 1121 1677 AEquatoria
1132 1629 1328 1670 Veneris.
1346 1628 1384 1666 &
1400 1628 1617 1665 inferioris
1630 1627 1797 1675 Capitis
1812 1629 1847 1670 II
1862 1638 1915 1665 ea
1930 1628 2097 1665 ratione

452 1683 664 1721 beneficio
681 1683 836 1721 calculi
853 1683 908 1721 est
924 1683 1138 1730 inquifita.
1156 1683 1275 1730 quod
1287 1684 1332 1719 in
1344 1681 1699 1728 subsequentibus
1710 1682 1900 1728 penitius
1911 1679 2097 1718 confide-

452 1739 554 1775 ratis
571 1737 908 1784 intelligentibus
924 1736 1049 1774 facile
1065 1737 1238 1783 patebit.
1256 1732 1270 1785 ΙΙ

1037 1789 1097 1828 Sit
1114 1789 1148 1827 B
1165 1789 1346 1827 inferius
1363 1787 1508 1836 Caput
1526 1791 1558 1831 Π
1571 1819 1579 1831 .
1597 1787 1634 1826 C
1651 1787 1784 1826 Stella
1797 1787 1992 1825 Veneris.
2008 1785 2098 1824 Tri·
2120 1792 2175 1824 164

704 1820 748 1862 Α
984 1843 1172 1891 angulus
1184 1842 1316 1884 ΒΑΕ,
1334 1843 1435 1880 data
1449 1841 1579 1880 habet
1592 1843 1743 1879 omnia
1754 1840 1830 1879 sua
1841 1840 1998 1879 Latera
2009 1839 2098 1882 BA.
2132 1851 2164 1878 ³0

984 1897 1026 1934 P.
1040 1897 1093 1934 61.
1112 1895 1137 1943 l.
1155 1896 1190 1939 3.
1209 1907 1261 1933 ex
1279 1895 1618 1942 Complemento
1635 1894 1955 1932 Declinationis
1971 1892 2099 1941 Capi-

984 1952 1036 1988 tis
1052 1953 1106 1993 Π.
1129 1950 1222 1991 CA.
1245 1950 1287 1987 P.
1304 1950 1366 1987 64.
1390 1947 1415 1996 l.
1434 1949 1486 1990 12.
1508 1960 1584 1996 per
1606 1948 1995 1995 Complementum
2015 1946 2099 1985 De·

985 2004 1232 2041 clinationis
1244 2003 1439 2040 Veneris.
1458 2002 1545 2044 BC.
1558 2002 1600 2039 P.
1610 2002 1673 2040 45.
1686 2000 1710 2049 l.
1721 2001 1784 2043 37.
1800 2000 1890 2049 ipsa
1906 1999 2100 2039 distantia

984 2057 1215 2104 Vtriusque.
1226 2056 1525 2104 Triangularis
1535 2058 1682 2102 itaque
1692 2056 1802 2093 ratio
1815 2054 2099 2102 suppeditauit

985 2110 1211 2158 Angulum
1230 2109 1369 2151 ΒΑΕ,
1388 2109 1429 2147 Ρ.
1447 2110 1500 2147 51.
1520 2108 1544 2156 l.
1561 2109 1622 2147 39.
1642 2107 1684 2155 ll.
1701 2109 1745 2150 ll.
1767 2110 1842 2155 qui
1859 2107 2100 2146 distantiam
2133 2116 2164 2144 ³5

984 2163 1292 2210 AEquatoriam
1318 2165 1428 2200 inter
1451 2163 1669 2200 Venerem
1693 2161 1730 2199 &
1753 2160 1935 2201 inferius
1959 2160 2100 2208 Caput

986 2217 1281 2254 Geminorum
1299 2216 1485 2254 exhibet.

1038 2270 1255 2316 Tempore
1273 2270 1405 2307 huius
1419 2269 1748 2307 Obseruationis
1765 2267 1843 2305 fuit
1855 2266 2051 2305 Altitudo
2071 2268 2098 2309 9

985 2335 1042 2370 gr.
1066 2324 1118 2364 17,
1145 2324 1331 2370 ideoque
1358 2325 1451 2360 eius
1477 2322 1717 2360 Parallaxis
1743 2324 1787 2359 in
1809 2320 1987 2360 Circulo
2011 2330 2100 2358 ver·

923 2386 956 2424 C
985 2377 1099 2413 ticali
1119 2375 1191 2422 l-ss·
1212 2376 1254 2422 ss.
1268 2377 1330 2417 34.
1348 2388 1448 2423 quae
1466 2378 1510 2413 in
1527 2376 1707 2423 longum
1724 2373 1914 2423 respedtu
1928 2373 2099 2421 AEquat.
2133 2381 2165 2409 a·

927 2448 956 2485 Ε
986 2429 1169 2467 όεάυέῖει
1191 2430 1256 2466 est.
1281 2430 1413 2467 Latus
1436 2430 1526 2470 BA.
1550 2429 1591 2466 P.
1609 2429 1671 2466 34.
1691 2427 1716 2475 l.
1733 2429 1792 2471 52.
1813 2427 2010 2466 distantia
2025 2425 2100 2464 Po·

986 2483 1129 2520 lorum
1143 2483 1317 2529 AEquat.
1336 2482 1371 2519 &
1391 2483 1604 2520 Finitoris.
1623 2482 1717 2524 CA.
1736 2482 1777 2519 P.
1795 2481 1857 2520 73.
1876 2479 1902 2528 Ι.
1918 2481 1955 2523 0,
1972 2479 2100 2519 Com-

1834 2534 2100 2582 plementum
