2243 3225
407 205 483 243 422

572 315 607 350 E

421 449 699 586 Ι,

781 194 1235 237 ASTRONOMIAE
1257 188 1679 231 INSTAURATAE

753 305 988 343 clamitent:
1007 302 1100 339 Imo
1117 297 1322 341 exafflius,
1340 307 1475 344 quam
1490 294 1717 332 Ptolemaei
1731 294 1802 332 vel
1817 293 2053 341 Copernici

752 358 895 395 ferunt
906 356 1080 398 Placita‚
1097 354 1169 391 hic
1186 351 1471 390 consentiant:
1488 353 1618 396 prout
1630 359 1683 386 ex
1694 347 1846 386 nostris
1859 347 1936 385 suo
1947 353 2052 386 tem-

752 422 856 458 pore
880 409 1041 456 patebit
1064 402 1530 445 animaduersionibus.
1558 401 1664 439 Non
1688 403 1816 449 igitur
1838 400 2054 439 illibenter

706 440 733 476 C
752 464 854 501 huic
872 461 1038 500 Offufio
1059 460 1141 498 hac
1162 461 1208 496 in
1228 463 1349 505 parte
1369 455 1720 502 suffragabimur:
1741 454 1890 492 Solem
1904 454 2053 492 videli-

754 523 817 554 cet
828 515 1066 553 secundum
1078 512 1303 560 mysticum
1313 509 1439 547 illum
1448 519 1686 546 numerum
1695 508 1785 551 576,
1798 519 1899 546 cum
1907 507 2054 546 medio
2091 521 2107 547 5

752 569 885 607 modo
902 567 941 605 se
959 566 1145 609 exhibet,
1163 577 1189 603 a
1204 564 1332 602 nobis
1348 562 1500 601 distare
1517 561 1666 599 Terrae
1682 561 1917 599 diametris.
1939 559 2054 607 Quae

752 623 781 660 fi
794 621 1039 669 duplentur,
1056 621 1204 666 vtique
1219 616 1563 655 semidiametros
1580 614 1772 652 eiusdem
1782 613 1971 652 Telluris
1983 625 2054 652 ex-

753 675 963 713 hibebunt
980 672 1077 711 1152.
1099 673 1157 709 At
1177 682 1233 708 ne
1254 681 1335 708 nos
1355 670 1486 707 nimis
1506 667 1752 715 scrupulose
1773 672 1849 706 aut
1863 667 2054 715 supersti-

753 728 868 771 tiose,
885 727 980 765 haec
992 726 1076 764 illis
1088 726 1283 763 numeris
1295 722 1591 771 Pythagoricis
1603 721 1781 769 alligare
1792 720 2054 766 videremur,

754 780 909 820 relictis
920 780 1004 817 illis
1017 779 1187 817 duabus
1199 776 1541 819 semidiametriS‚
1558 780 1773 822 tanquam
1783 785 1860 822 per
1870 773 1911 812 se
1923 775 1969 812 in
1979 773 2055 812 tali
2095 786 2126 812 ιο

754 836 928 882 negotio
951 831 1277 873 insensibilibus,
1300 829 1412 867 vltra
1434 828 1638 866 millenas
1663 827 1760 866 illas
1785 827 2055 866 semidiame-

754 895 853 931 tros,
881 885 1028 924 exacte
1053 884 1369 932 sesquicentum
1393 887 1619 929 acceptare
1644 881 1896 919 maluimus.
1923 879 2056 927 Quod

755 943 886 979 etiam
906 940 1138 977 intentioni
1156 937 1311 975 nostrae
1327 935 1628 983 praecifionem
1643 933 1929 973 sufficientem
1944 933 2056 972 nihi-

754 995 946 1032 lominus
962 991 1305 1030 subministrabit.
1323 986 1337 1040 ΙΙ

808 1045 1119 1093 Praesuppofita
1143 1046 1270 1092 igitur
1291 1044 1505 1081 diametro
1526 1042 1639 1081 Solis
1659 1046 1898 1089 apparente
1920 1041 1962 1080 31
1985 1052 2056 1079 ex·
2079 1047 2142 1080 473

756 1100 905 1148 quifite
927 1099 1086 1137 Minut.
1110 1100 1232 1136 iuxta
1253 1096 1522 1134 mediocrem
1544 1095 1674 1143 ipfius
1696 1107 1723 1134 a
1745 1094 1882 1133 Terra
1903 1093 2056 1133 distan-

755 1156 861 1192 tiam
882 1153 968 1191 1150
989 1152 1065 1199 (vti
1085 1154 1175 1189 iam
1196 1149 1358 1188 dicium
1379 1149 1451 1196 est)
1472 1149 1816 1187 semidiametros
1837 1147 2057 1196 complen-

756 1214 855 1250 tem,
879 1208 924 1243 in
944 1217 1061 1243 verae
1082 1204 1212 1253 ipsius
1232 1204 1433 1242 diametri
1453 1208 1585 1250 atque
1606 1202 1891 1250 corpulentiae
1915 1202 2058 1250 cogni·

756 1263 922 1298 tionem
938 1259 992 1296 fic
1008 1260 1332 1306 perueniemus.

810 1313 871 1351 Sit
891 1315 937 1350 in
957 1313 1160 1360 assignata
1180 1310 1441 1359 figuratione
1463 1321 1621 1356 corpus
1637 1309 1750 1347 Solis
1771 1307 1913 1353 DEC,
1934 1310 2060 1346 cuius
2097 1320 2130 1346 zo

758 1367 984 1405 Diameter
1010 1365 1096 1403 DC
1122 1364 1351 1412 Angulum
1376 1363 1512 1402 DAC
1538 1362 1697 1400 efficiat
1722 1361 1785 1400 M.
1808 1361 1851 1400 31
1876 1361 1995 1410 apud
2019 1362 2060 1399 A

757 1420 956 1458 Terram:
974 1418 1188 1457 Distantia
1203 1429 1308 1455 vero
1325 1417 1438 1456 Solis
1454 1417 1536 1454 AB
1553 1416 1897 1454 semidiametros
1912 1414 2060 1454 Terrae

758 1475 979 1512 contineat
995 1472 1092 1510 1150.
1115 1472 1232 1510 Cum
1253 1473 1380 1519 igitur
1400 1472 1445 1508 in
1461 1469 1702 1518 Triangulo
1719 1468 1942 1508 reclilineo
1958 1468 2060 1507 den·

758 1533 826 1565 tur
843 1527 931 1565 duo
947 1526 1084 1564 latera
1100 1525 1293 1572 aequalia
1305 1526 1418 1562 circa
1429 1523 1643 1572 angulum
1654 1529 1810 1561 notum
1827 1522 1964 1570 (Nam
1975 1521 2061 1560 DA

759 1581 797 1618 8(
814 1580 894 1619 CA
915 1579 1212 1617 insenfibiliter
1228 1578 1299 1616 hic
1316 1577 1522 1616 differunt
1538 1577 1592 1615 ab
1609 1576 1711 1623 AB)
1731 1577 1907 1614 tertium
1927 1575 2061 1614 latere
2098 1588 2130 1614 2⁵

759 1635 910 1681 nequit
926 1633 968 1671 P.
987 1632 1040 1670 10.
1055 1631 1066 1680 l
1073 1663 1080 1670 .
1093 1632 1143 1670 22
1151 1634 1165 1672 1}
1182 1631 1283 1670 fere.
1301 1631 1383 1669 Tot
1399 1633 1527 1679 igitur
1543 1630 1901 1669 Semidiametros
1914 1628 2062 1667 Terrae

760 1689 951 1725 continet
963 1687 1175 1724 diameter
1186 1685 1362 1724 Solaris.
1380 1684 1446 1722 Est
1462 1687 1610 1732 itaque
1626 1683 1722 1722 haec
1739 1685 1882 1722 maior
1897 1685 2063 1731 integra

759 1740 962 1779 Terrestri
979 1740 1209 1777 Diametro
1230 1741 1466 1786 quinquies
1483 1737 1521 1776 8(
1537 1737 1711 1785 insuper
1727 1739 1781 1781 ἐξ,
1803 1737 1846 1775 id
1866 1735 1922 1775 est
1941 1735 2062 1775 semi-

760 1795 876 1832 sexta
888 1793 1007 1841 quafi
1019 1800 1140 1841 parte
1152 1794 1293 1830 vnius.
1308 1792 1422 1838 Quae
1434 1791 1463 1829 fi
1475 1791 1624 1830 cubice
1636 1792 1833 1829 numeris
1843 1789 2062 1828 resoluan-

760 1855 841 1891 tur,
858 1846 1121 1894 maiorisque
1136 1846 1273 1884 cubus
1286 1848 1330 1883 in
1342 1848 1561 1883 minorem
1572 1844 1860 1888 distribuatur,
1876 1842 2064 1892 prodibit
2099 1853 2133 1880 ³⁰

761 1913 865 1939 vera
882 1901 1154 1948 corpulentia
1170 1900 1282 1938 Solis
1299 1898 1490 1946 respectu
1504 1898 1665 1937 Terrae.
1683 1898 1747 1936 Ex
1763 1909 1852 1946 quo
1868 1897 2063 1945 Sphaerae

762 1955 839 1993 sint
863 1955 1001 2001 (iuxta
1025 1953 1315 1992 demonstrata
1336 1953 1573 1995 Euclidaea.
1597 1951 1893 1999 Propofitione
1913 1950 2064 1989 vltima

763 2009 852 2046 Lib.
861 2008 919 2054 12)
930 2010 975 2045 in
985 2008 1113 2055 tripla
1122 2009 1405 2054 proportione
1415 2006 1593 2044 suarum
1603 2006 1934 2044 Dimetientum.
1944 2004 2063 2043 Pate·

762 2062 821 2099 bit
839 2064 984 2108 itaque
1001 2060 1175 2108 peracta
1187 2062 1443 2108 operatione
1455 2059 1681 2108 globosum
1693 2059 1806 2098 Solis
1817 2069 1976 2106 corpus
1987 2057 2064 2096 esse

763 2115 964 2153 Terrestri
982 2117 1125 2152 maius
1143 2115 1210 2152 139
1226 2114 1393 2152 vicibus
1410 2113 1447 2151 8(
1464 2113 1599 2160 paulo
1615 2113 1725 2160 plus.
1747 2112 1914 2150 Verum
1929 2123 1985 2150 ne
2000 2112 2063 2149 ni-
2100 2121 2134 2148 ³⁵

764 2171 845 2205 mis
858 2168 1062 2205 subtiliter
1074 2168 1169 2206 haec
1182 2169 1331 2206 rimari
1343 2168 1585 2208 videamur.
1598 2166 1907 2204 constituemus
1918 2164 2065 2204 Solem

765 2222 839 2259 esse
855 2221 989 2259 Terra
1007 2224 1167 2259 centies
1184 2221 1445 2268 quadragies
1461 2223 1689 2262 maiorem.
1707 2219 1848 2267 sicque
1865 2219 1920 2258 ab
1937 2217 2066 2267 ipsius

766 2287 868 2312 vera
878 2275 1191 2322 magnitudine,
1205 2274 1327 2316 nihil,
1341 2274 1458 2321 quod
1470 2275 1656 2312 alicuius
1665 2273 1711 2311 sit
1721 2274 1945 2316 momenti,
1957 2282 2065 2320 prae·

766 2328 971 2368 finienda,
989 2329 1304 2366 aberrauimus.
1324 2328 1417 2365 Nec
1435 2330 1553 2365 enim
1570 2329 1712 2365 maior
1724 2328 1800 2365 esse
1812 2327 1980 2374 poterit.
1996 2324 2065 2363 sed

766 2384 909 2427 potius
926 2382 1201 2428 aliquantulo
1219 2381 1265 2427 (si
1282 2382 1414 2419 modo
1432 2381 1553 2428 quid)
1571 2383 1727 2419 minor.
1746 2379 1959 2427 Nihilque
1975 2389 2065 2417 mo·
2102 2387 2134 2414 ιο

767 2446 927 2476 ramur.
945 2436 1062 2481 quod
1078 2436 1350 2482 Copernicus
1368 2435 1559 2472 eundem
1575 2446 1652 2482 per
1667 2434 1718 2472 22
1734 2433 1882 2472 Terrae
1898 2432 2065 2481 globos:

767 2487 802 2524 8(
822 2488 1083 2525 Ptolemaeus
1100 2489 1243 2525 adhuc
1262 2489 1370 2535 plus,
1388 2488 1439 2525 26
1455 2489 1666 2529 videlicet.
1686 2489 1901 2526 maiorem
1918 2484 2065 2524 consti·
2101 2486 2120 2516 ‘¹'

1894 2541 2065 2578 tuerint.
