2164 3246
48 813 79 839 10

47 1081 77 1106 15

42 1347 76 1374 20

42 1615 75 1641 25

40 2149 74 2176 35

39 2417 73 2443 40

409 219 1069 260 PROGYMNASMATUM
1092 222 1295 261 PRIMA
1318 223 1468 262 PARS
1726 225 1766 263 81

116 335 201 372 que
224 324 410 372 idipsum
433 327 566 363 etiam
588 327 634 363 in
655 325 1014 372 Refrac'tionibus‚
1036 329 1106 366 vel
1129 329 1211 367 hac
1235 330 1324 367 sola
1344 330 1396 368 de
1418 330 1558 374 causa,
1583 342 1683 378 quae
1708 332 1767 377 (vt

116 377 222 425 dixi)
244 378 490 416 euidentior
510 378 566 416 est
586 381 961 426 prouenientibus,
983 381 1077 419 fieri
1099 389 1307 430 oporteat.
1331 383 1486 430 Liquet
1502 386 1633 422 etiam
1652 384 1766 427 hinc,

116 442 251 479 quam
276 431 332 470 ob
357 443 451 470 rem
474 431 549 470 Sol
572 433 766 479 quotidie
792 435 917 471 citius
941 436 1044 472 oriri
1067 436 1277 479 videatur,
1305 436 1343 473 8(
1367 437 1532 474 tardius
1558 438 1766 481 occidere,

116 496 251 532 quam
271 496 429 523 reuera
448 484 507 529 fit,
531 485 643 523 adeo
664 492 708 524 vt
728 491 818 524 toto
839 486 916 524 suo
938 487 1135 536 Corpore
1157 489 1285 536 supra
1306 490 1598 527 Horizontem
1620 498 1767 528 extare

117 544 338 586 appareat,
356 539 536 586 quando
548 538 671 577 nulla
683 541 778 577 eius
789 541 1016 587 particula,
1034 548 1186 580 exorta
1197 542 1266 580 vel
1279 543 1463 590 delapsa.
1477 546 1632 581 merito
1645 544 1765 581 soret.

117 591 308 640 Ideoque
333 592 438 636 dies,
464 603 600 640 quam
625 592 900 631 artificialem
922 606 1146 639 vocamus,
1173 595 1340 643 semper
1362 596 1599 634 secundum
1620 598 1766 644 Appa-

115 647 302 684 rentiam
319 645 453 684 Ortus
469 645 508 683 8(
525 645 715 684 Occasus
731 646 844 684 Solis
865 647 1037 695 longior
1053 648 1119 691 est,
1143 654 1273 696 atque
1291 649 1483 686 calculus
1500 649 1766 687 Astronomi-

115 709 191 737 cus
199 700 246 737 in
254 698 349 737 Poli
357 698 601 737 Altitudine
611 699 713 737 data
722 700 919 744 admittit,
933 701 1051 748 quod
1062 704 1137 748 qui
1148 701 1235 745 fiat,
1248 714 1274 740 a
1286 703 1543 749 paucissimis
1555 701 1767 741 haeftenus

115 752 393 800 exploratum
409 752 480 797 est;
503 757 596 791 vtut
612 752 873 800 quibusdam
888 753 998 792 forte
1015 754 1111 792 haec
1127 766 1336 792 numeros
1354 755 1679 793 Astronomicos
1697 768 1766 794 ex-

114 805 273 844 cedens
295 805 409 845 Solis
430 805 559 854 supra
582 806 877 845 Horizontem
900 806 1075 845 vifibilis
1100 810 1402 851 commoratio,
1429 808 1579 855 aliqua
1603 812 1766 857 experi-

113 861 384 898 mentatione
401 865 625 907 comperta
640 858 781 898 fuerit.
799 856 814 910 ΙΙ

167 912 300 960 Quod
316 918 465 952 autem
479 911 776 951 Refractiones
792 913 907 961 ipsae,
925 916 1038 952 circa
1049 915 1100 953 45
1112 915 1367 952 Altitudinis
1383 915 1579 963 gradum,
1597 915 1766 953 insensi-

113 965 221 1005 biles
236 967 441 1012 euadant,
457 966 556 1005 licet
566 978 785 1014 vaporum
801 968 999 1006 crassities
1012 968 1053 1005 14
1064 970 1263 1016 proxime
1276 968 1465 1006 miliaria
1477 968 1562 1006 illic
1575 972 1765 1017 attingat.

113 1031 206 1058 non
220 1019 333 1059 adeo
344 1020 400 1059 ob
413 1031 568 1058 eorum
579 1023 929 1059 attenuationem
941 1023 1100 1065 euenit,
1118 1021 1188 1059 sed
1204 1022 1344 1059 multo
1356 1024 1506 1070 magis,
1524 1023 1641 1069 quod
1654 1022 1765 1060 Solis

114 1072 152 1111 &
163 1072 399 1112 Stellarum
409 1073 574 1118 lumen,
586 1085 774 1122 vapores
786 1073 989 1113 directius
1000 1075 1285 1122 penetrando,
1297 1077 1479 1113 minime
1491 1076 1764 1122 impediatur.

113 1128 222 1175 quin
244 1126 300 1166 ad
323 1138 405 1165 nos
426 1126 646 1166 irrefracte
668 1130 911 1175 perueniat.
937 1128 1270 1166 Demonstratur
1290 1128 1499 1176 fiquidem
1521 1131 1565 1166 in
1588 1129 1764 1176 Opticis,

113 1179 265 1219 Sidera
289 1183 404 1219 circa
427 1183 646 1225 verticem,
677 1181 842 1219 etiamsi
866 1193 943 1229 per
968 1182 1160 1229 plurima
1185 1182 1409 1230 diaphana
1435 1194 1588 1220 eorum
1614 1182 1764 1220 lumen

112 1233 239 1273 nobis
254 1233 494 1283 affulgeret,
511 1232 730 1273 irrefradte
746 1240 896 1273 tamen
909 1247 1139 1283 apparere:
1157 1235 1307 1282 Quare
1320 1238 1364 1273 in
1376 1236 1482 1273 locis
1494 1235 1596 1273 huic
1608 1247 1762 1283 appro-

112 1287 440 1336 pinquantibus,
462 1287 534 1326 etfi
554 1300 647 1326 non
666 1288 841 1336 prorsus
862 1288 1030 1333 eadem,
1052 1289 1172 1327 haud
1192 1295 1341 1327 tamen
1362 1289 1603 1327 admodum
1624 1289 1764 1336 dispar

113 1340 168 1380 est
183 1343 307 1386 ratio,
323 1341 561 1390 praesertim
573 1353 674 1380 cum
686 1341 898 1390 diaphani
910 1342 1066 1381 diuerfi
1078 1354 1169 1381 non
1182 1343 1293 1380 adeo
1305 1354 1515 1391 magnum
1528 1342 1572 1380 fit
1584 1343 1763 1390 impedi-

111 1400 323 1434 mentum.

164 1447 210 1487 Si
234 1447 555 1488 Resractionem
579 1451 625 1486 in
651 1448 831 1487 Circulo
856 1449 1113 1488 Altitudinis
1139 1452 1368 1498 cognitam,
1400 1449 1546 1487 lubeat
1573 1448 1763 1497 respectu

111 1501 378 1550 AEquatoris‚
399 1504 446 1540 in
466 1502 824 1541 Declinationem
845 1502 883 1541 &
903 1503 1213 1542 Ascenfionem
1234 1502 1409 1541 Rectam
1431 1508 1697 1545 conuertere,
1720 1503 1762 1540 id

111 1567 204 1594 non
218 1555 450 1594 difficulter
464 1555 539 1594 fiet
554 1567 631 1604 per
646 1555 900 1595 adiunctam
916 1556 1286 1599 Delineationem,
1308 1568 1408 1604 quae
1425 1568 1501 1603 per
1517 1556 1557 1594 se
1574 1568 1600 1594 a
1616 1558 1762 1603 peritis

110 1608 209 1648 satis
224 1609 493 1658 intelligitur;
514 1610 587 1648 vbi
603 1611 649 1647 in
664 1609 906 1658 Triangulo
923 1610 1060 1654 EFG‚
1077 1612 1218 1648 Arcus
1235 1610 1320 1653 EF,
1342 1610 1539 1648 distantia
1555 1609 1762 1647 Polorum

111 1662 369 1702 Horizontis
381 1662 420 1701 &
429 1663 686 1711 AEquatoris
697 1674 789 1701 non
800 1665 1038 1712 ignoratur,
1052 1664 1132 1702 GE
1145 1663 1199 1702 est
1212 1663 1599 1711 Complementum
1609 1662 1762 1700 Altitu-

110 1716 224 1755 dinis
243 1728 374 1761 verae,
394 1728 472 1765 per
491 1715 828 1756 subtractionem

111 1768 395 1810 Refrac‘tionis
415 1772 600 1819 cognitae
616 1770 671 1809 ab
688 1770 827 1809 obser·
1294 1728 1331 1769 E
1545 1794 1588 1842 F

110 1828 215 1863 uata
233 1823 491 1869 Altitudine‚
518 1823 600 1863 GF
621 1823 826 1872 Comple-
1241 1838 1514 1895 r

109 1882 309 1916 mentum
341 1889 459 1916 verae
494 1877 827 1922 Declinationis,
922 1921 964 1958 L
979 1783 1452 2035 d»

109 1930 827 1979 perSolislocuminquifitae:Vnde

110 1995 133 2022 e
149 1986 331 2034 cognitis
345 1985 482 2023 tribus
497 1984 718 2029 lateribus,
735 1986 826 2022 An-

109 2037 236 2086 gulus
252 2038 369 2077 EGF
383 2038 570 2087 patescit.
590 2037 765 2076 Dehinc
781 2040 827 2076 in

109 2089 349 2141 Triangulo
365 2091 504 2139 HGQ
521 2103 599 2140 per
615 2091 826 2130 construc-
1081 2077 1173 2177 —

108 2146 275 2184 tionem
304 2143 584 2194 RedtangulQ
615 2147 721 2193 quia
750 2156 826 2183 no·
855 2163 889 2191 Ν
1714 2158 1744 2200 p

109 2203 203 2237 tum
227 2198 283 2238 est
307 2199 442 2238 Latus
469 2198 581 2243 HG,
613 2197 828 2237 Refractio
1052 2187 1090 2225 0
1262 2195 1322 2227 Ν

108 2252 307 2291 videlicet
322 2252 590 2297 Altitudinis‚
608 2252 646 2290 8(
662 2252 866 2300 Angulus
882 2249 1040 2296 HGQ,
1062 2250 1178 2288 idem
1196 2261 1295 2287 cum
1313 2248 1437 2286 EGF
1453 2250 1541 2285 iam
1559 2249 1759 2287 innotuit.

109 2307 392 2345 inuenientur
412 2308 544 2344 etiam
564 2306 654 2344 duo
675 2305 846 2353 reliqua
866 2304 1015 2347 latera,
1038 2303 1133 2350 HQ
1149 2301 1421 2340 Ascenfionis
1443 2299 1596 2342 Rectae,
1615 2300 1652 2337 &
1670 2299 1758 2345 GQ

109 2357 441 2405 Declinationis,
465 2358 761 2398 Refraffiones
782 2357 1149 2406 repraesentantia.
1175 2368 1274 2404 quae
1296 2367 1375 2403 pro
1396 2355 1496 2392 fitus
1517 2353 1759 2391 diuersitate

109 2413 499 2452 accommodandae
515 2415 711 2451 veniunt.

161 2460 330 2506 Possunt
353 2468 486 2505 etiam
508 2477 600 2504 non
622 2466 812 2504 multum
835 2464 1018 2503 dissimili
1042 2466 1225 2505 ratione,
1250 2463 1354 2500 dum
1375 2461 1508 2499 modo
1530 2460 1686 2498 constet
1708 2459 1759 2496 de

109 2520 298 2569 Angu10,
316 2531 449 2568 quem
465 2519 565 2558 facit
578 2519 782 2558 Circulus
798 2518 1028 2559 verticalis.
1046 2520 1090 2555 in
1108 2528 1160 2554 eo
1177 2516 1313 2563 positu
1332 2527 1430 2553 cum
1447 2514 1664 2603 ΕεΙίῖρῐίέςῖᾳ,
1683 2513 1758 2549 Re-

217 2582 243 2607 ¹¹
1547 2578 1592 2603 ra
1637 2577 1758 2602 iones
