2164 3246
89 548 106 574 5

54 595 114 628 401

75 815 106 841 10

76 1083 106 1109 1⁵

74 1350 108 1377 20

76 1618 110 1644 25

77 1885 111 1912 30

379 210 1038 250 PROGYMNASMATUM
1060 211 1367 251 SECUNDA
1390 213 1540 251 PARS
1714 214 1790 252 375

142 318 259 358 Coeli
274 320 572 367 capacitatem,
590 317 661 355 vbi
677 317 838 365 septem
850 318 1042 356 Planetae
1057 318 1155 357 suas
1167 321 1404 357 rotationes
1416 319 1635 358 ordinarie
1649 320 1686 358 8(
1698 332 1790 368 per-

141 378 274 421 petuo
299 377 538 416 excercent,
564 370 636 409 vbi
660 371 869 410 Cometas
895 383 1072 419 quoque
1098 372 1244 410 locum
1270 375 1470 411 inuenire
1493 373 1791 412 Parallaxium

142 426 324 470 exilitas,
346 424 384 463 8(
404 426 613 463 motionis
628 427 819 472 propriae
836 425 1059 469 exhibitio,
1081 425 1340 464 sufficienter
1357 426 1621 474 astipulatur,
1643 427 1790 465 consti-

141 479 355 518 tuendum
367 479 456 522 esse,
473 478 543 517 sed
555 478 611 516 ad
623 477 734 526 ipsas
747 478 1041 517 Inerrantium
1053 479 1287 518 Stellarum
1301 480 1647 527 profundissimas
1660 480 1792 519 Sedes

141 532 269 581 longe
285 532 511 570 sublimius
528 531 826 570 exaltandum.
844 529 858 582 ΙΙ

195 585 419 625 LVMINE
436 597 614 633 quoque
631 585 761 630 claro,
778 597 903 633 puro,
921 586 1130 629 radiante,
1148 589 1362 634 genuinas
1375 587 1491 625 Coeli
1503 587 1657 625 Stellas
1673 599 1791 635 pror—

141 639 210 678 sus
225 639 532 683 aemulabatur,
549 638 748 686 nihilque
765 651 865 677 cum
878 639 1089 677 Meteoris
1100 639 1406 678 sublunaribus
1418 647 1492 678 aut
1505 641 1792 679 Cometarum

141 692 369 738 obtufiore,
385 692 617 740 minusque
633 692 799 741 fulgida
813 693 929 731 Luce
947 695 1194 741 commercij
1214 693 1413 731 habebat.
1432 693 1582 740 Quare
1600 694 1637 732 &
1654 694 1791 732 Mete-

142 758 323 786 ororum
339 746 377 784 &
394 746 683 785 Cometarum
699 746 818 784 sedes
834 746 962 795 longe
985 747 1264 794 exuperabat.
1286 748 1473 794 ideoque
1495 750 1605 785 inter
1621 747 1792 786 Affixas

142 800 297 840 Stellas
312 800 545 838 necessario
561 799 754 838 constitit.
775 800 888 838 Posse
906 802 1025 838 enim
1042 800 1250 839 Cometas
1267 803 1380 838 intra
1397 803 1602 848 quamuis
1618 801 1792 849 plagam

141 854 432 893 secundorum
447 853 682 892 mobilium
697 855 820 891 iuxta
835 854 1017 892 altissimi
1034 856 1166 892 etiam
1183 854 1358 892 Saturni
1375 854 1674 892 reuolutiones
1695 866 1791 902 pro·

142 909 292 952 creari,
308 919 363 946 ex
378 909 431 956 ijs
447 918 548 955 quae
564 906 843 955 sequentibus
856 907 994 945 Libris
1006 910 1052 945 in
1063 908 1258 945 medium
1271 907 1555 955 proferemus,
1573 920 1664 946 non
1681 909 1792 946 adeo

141 966 185 1000 vt
200 959 424 1006 hactenus,
441 961 694 999 incredibile
711 967 842 1008 atque
859 961 1106 1004 absurdum,
1124 961 1292 999 euadet.

196 1014 395 1054 COLOR
418 1016 550 1053 etiam
573 1013 676 1052 huie
699 1013 844 1053 Stellae
867 1015 998 1062 plane
1023 1014 1219 1053 Coelestis
1242 1017 1393 1058 inerat,
1419 1015 1530 1052 adeo
1554 1021 1596 1052 vt
1620 1015 1792 1053 nullum

142 1079 339 1117 vnquam
359 1067 622 1107 eiuscemodi
642 1068 843 1112 induerit,
866 1070 973 1116 quin
994 1068 1143 1115 aliqua
1160 1070 1206 1105 in
1222 1068 1311 1116 ipso
1329 1068 1458 1106 Coelo
1475 1068 1536 1105 illi
1553 1068 1791 1116 persimilis,

143 1122 387 1170 eodemque
416 1121 601 1170 praedita
626 1121 955 1169 conspiceretur,
986 1122 1100 1160 vnde
1127 1124 1258 1160 etiam
1285 1121 1490 1160 Coelestes
1516 1133 1693 1169 quoque
1719 1121 1792 1160 fibi

142 1175 380 1215 vendicasse
396 1174 516 1214 sedes
532 1177 730 1223 apprime
747 1175 989 1214 consonum
1006 1175 1072 1213 est.

196 1228 356 1278 Neque
368 1230 487 1268 enim
499 1229 618 1277 quod
630 1228 840 1268 Colorem
851 1230 1042 1273 variarit,
1060 1229 1098 1267 &
1114 1240 1205 1266 non
1222 1229 1411 1266 eundem
1423 1234 1633 1276 perpetuo
1646 1229 1793 1275 quoad

143 1283 331 1328 durauit,
351 1282 482 1322 instar
501 1282 775 1330 reliquarum
791 1282 1025 1321 Stellarum
1041 1282 1283 1320 constanter
1299 1281 1557 1324 exhibuerit,
1579 1281 1676 1319 satis
1697 1293 1792 1329 pro-

143 1336 216 1376 bat
235 1347 336 1376 eam
350 1348 378 1375 a
394 1336 570 1376 Coelesti
590 1336 766 1375 Mundo
787 1338 899 1374 inter
920 1336 1215 1374 Elementaria
1236 1334 1557 1379 retrahendam,
1579 1341 1666 1373 vtvt
1687 1335 1793 1373 tales

145 1390 360 1430 Colorum
383 1392 730 1438 permutationes
755 1389 826 1428 hic
849 1389 1020 1428 facilius
1046 1392 1309 1437 contingant.
1341 1389 1554 1426 Alteratio
1584 1388 1794 1435 siquidem

144 1444 220 1483 illa
234 1455 312 1492 per
326 1444 529 1483 accidens
544 1443 688 1489 fiebat,
705 1450 834 1492 prout
845 1443 1061 1491 ampliori,
1080 1441 1372 1490 compadliori,
1390 1448 1464 1480 aut
1476 1442 1691 1489 graciliori
1704 1453 1793 1479 cor-

144 1509 250 1546 pore
266 1496 498 1543 constabat,
515 1498 829 1546 magnitudinis
847 1499 965 1535 enim
977 1497 1150 1534 vifibilis
1162 1498 1452 1534 mutationem
1466 1495 1561 1533 haec
1577 1498 1793 1533 concomi-

144 1551 328 1590 tabatur.
346 1550 479 1599 Quod
493 1557 643 1590 autem
655 1562 710 1589 ne
723 1552 901 1598 quidem
914 1562 1014 1598 quae
1026 1553 1072 1588 in
1084 1552 1324 1597 quantitate
1337 1551 1564 1596 apparenti
1577 1551 1793 1596 continge-

144 1605 217 1644 bat
232 1604 532 1649 decrescentia,
550 1604 730 1643 Stellam
746 1605 860 1643 hanc
874 1604 1003 1643 Coelo
1018 1604 1245 1642 eliminare
1263 1602 1478 1641 sufficiens
1494 1602 1633 1646 fuerit,
1651 1602 1794 1649 postea

145 1658 404 1697 disseremus.
1497 1683 1500 1686 -

198 1711 614 1752 SCINTILLATIO
640 1711 814 1760 insuper
839 1713 1001 1749 eximia
1026 1711 1064 1748 &
1088 1722 1179 1758 prae
1205 1711 1371 1748 caeteris
1397 1709 1512 1748 Coeli
1536 1709 1794 1747 Luminibus

146 1765 388 1811 coruscans,
405 1768 608 1804 omnium
625 1766 879 1813 apertissime
896 1764 1143 1803 ostendebat
1159 1764 1280 1802 illam
1297 1766 1409 1801 intra
1425 1762 1674 1800 Affixarum
1691 1762 1794 1800 Stel-

146 1819 291 1858 larum
309 1819 559 1867 supremam
579 1819 938 1866 vastissimamque
958 1818 1195 1866 Regionem
1216 1817 1363 1855 locum
1384 1816 1457 1854 [ibi
1478 1816 1681 1863 delegisse,
1703 1827 1794 1853 om-

147 1874 360 1921 niumque
385 1873 668 1912 Planetarum
693 1874 953 1922 gyrationes,
985 1872 1149 1910 nedum
1175 1870 1458 1908 humilimum
1484 1870 1794 1907 elementarem

148 1926 372 1965 Mundum
388 1927 647 1975 exuperasse.
666 1923 680 1977 ΙΙ

59 1986 124 2018 402
200 1980 338 2019 Nulla
358 1982 477 2019 enim
498 1981 702 2019 Meteora
722 1979 975 2018 sublunaria
995 1978 1229 2016 scintillans
1250 1977 1401 2015 lumen
1421 1976 1607 2017 vibrant:
1631 1978 1719 2013 imo
1741 1987 1794 2013 ne

79 2153 112 2179 3⁵

81 2419 116 2446 40

148 2034 327 2082 quidem
346 2034 438 2073 Soli
458 2033 497 2072 &
517 2034 670 2078 Lunae,
692 2039 768 2072 aut
787 2033 862 2071 vlli
883 2044 906 2070 e
928 2034 1093 2070 caeteris
1114 2032 1302 2069 Planetis
1323 2030 1365 2068 id
1386 2032 1559 2077 proprie
1581 2031 1795 2076 competit,

148 2086 218 2126 sed
242 2088 551 2126 tantummodo
576 2087 735 2126 Affixis
761 2087 996 2128 Sideribus,
1023 2085 1281 2133 quibusdam
1306 2084 1416 2131 plus,
1443 2083 1668 2121 nonnullis
1693 2094 1796 2120 vero

147 2142 295 2180 minus
310 2141 531 2190 peculiare
548 2141 615 2180 en.

202 2194 321 2234 Nam
337 2195 436 2234 licet
447 2195 522 2234 Sol
534 2194 573 2233 8(
584 2195 778 2233 Planetae
794 2193 1014 2231 interdum
1030 2191 1355 2239 aliquantulum
1372 2190 1600 2228 scintillare
1617 2200 1796 2237 appare-

149 2253 237 2293 ant,
257 2248 301 2287 id
320 2248 471 2287 saltem
490 2260 568 2296 per
586 2249 788 2287 accidens
805 2247 859 2285 ob
876 2247 1007 2294 medij
1027 2246 1212 2284 alicuius
1229 2247 1274 2282 in
1291 2246 1406 2282 Aere
1423 2246 1569 2281 minus
1586 2243 1797 2290 depurato

150 2306 281 2349 atque
296 2301 399 2341 hinc
415 2303 517 2341 inde
533 2305 708 2351 agitato,
726 2300 1108 2348 interpositionem,
1127 2300 1285 2337 euenit.
1304 2298 1428 2335 Vnde
1446 2299 1576 2335 etiam
1591 2308 1681 2334 non
1694 2296 1797 2333 sem-

149 2365 238 2402 per,
258 2357 350 2394 imo
365 2357 570 2395 rarissime
586 2355 671 2394 hoc
687 2357 937 2402 contingere
955 2356 1155 2395 cernitur,
1178 2363 1278 2390 curn
1295 2352 1411 2389 Fixis
1427 2350 1568 2388 Stellis
1589 2356 1797 2397 perpetuo

150 2407 351 2447 vfitatum
365 2409 424 2448 fit.
447 2409 540 2448 Cur
555 2415 705 2448 autem
721 2407 883 2446 Affixae
900 2407 1066 2455 semper
1085 2406 1323 2449 scintillent,
1347 2405 1551 2442 Erraticae
1572 2415 1661 2440 non
1683 2405 1797 2443 item.

152 2461 326 2501 causam
346 2463 533 2502 reddunt
550 2463 719 2511 Opticae
741 2464 802 2500 rei
824 2461 1074 2508 Scriptores,
1096 2459 1214 2497 velut
1234 2459 1328 2496 haec
1346 2460 1372 2495 a
1388 2457 1620 2495 Vitellione
1638 2456 1726 2494 Lib.
1746 2456 1796 2493 10.

151 2526 272 2564 prop.
284 2517 335 2555 55
347 2523 641 2564 exponuntur.
659 2517 874 2554 Autumat
890 2514 1100 2562 liquidem
1112 2525 1188 2560 per
1200 2513 1561 2550 diuaricationem
1575 2510 1795 2600 anndarn

1638 2574 1797 2599 urmms
