2243 3225
435 225 501 261 142
808 217 1263 257 ASTRONOMIAE
1283 215 1706 254 INSTAURATAE

434 329 611 366 ostendit
628 337 779 365 arcum
795 325 1092 373 praecessionis,
1115 334 1203 370 quo
1220 333 1361 360 unum
1378 322 1616 359 Luminare
1633 323 1862 360 antevertit
1878 321 2077 360 alterum.

434 382 549 420 Cum
559 385 707 418 autem
717 379 902 416 Lunaris
912 375 1295 423 Prosthaphaerefis
1304 376 1390 423 maj
1397 386 1446 413 or
1455 374 1501 412 fit
1514 373 1632 419 Θῑὲῐῑ,
1642 386 1747 412 vera
1759 372 1803 424 00
1815 374 2008 413 mediam
2019 374 2077 413 se-

433 435 589 481 quitur.
608 432 786 479 Quanto
798 436 947 469 autem
959 429 1189 467 intervallo
1201 428 1431 475 Temporis
1443 428 1486 466 id
1498 427 1585 472 fiat,
1598 427 1651 466 fic
1662 427 1909 466 innotescet.
1927 427 2079 467 Motus

432 487 634 524 horarius
651 485 789 522 Lunae
806 496 833 522 a
849 483 948 522 Sole
970 495 1023 520 ex
1043 482 1120 520 sua
1139 481 1290 520 tabula
1310 481 1563 529 depromtus
1583 492 1661 529 per
1679 481 1923 519 distantiam
1938 481 2078 520 Lunae
2114 490 2134 521 «ι’

431 540 484 577 ab
502 550 669 586 apogeo
686 537 741 575 est
755 537 818 575 35.
838 535 862 584 l.
880 537 942 574 29.
962 534 1004 583 ll.
1027 535 1071 574 Si
1092 537 1239 582 itaque
1261 546 1413 573 arcum
1433 535 1721 582 praecessionis
1740 545 1817 582 per
1837 534 1956 572 hunc
1972 534 2078 572 divi·
2115 548 2130 574 5

430 592 622 635 serimus,
637 591 768 629 exibit
778 589 1059 627 intervallum
1070 588 1113 626 ll.
1128 586 1140 636 l
1146 619 1153 626 .
1165 588 1229 626 30.
1244 586 1286 635 ll.
1306 587 1588 626 Addendum:
1603 587 1745 635 ficque
1756 587 1952 635 Tempus
1962 599 2079 626 verae

433 643 508 694 00³⁵
526 647 603 682 erit
619 644 655 682 6.
669 644 726 681 H.
739 644 792 681 51.
807 643 869 681 Μ.
883 643 936 680 19.
951 641 993 690 ll.
1011 641 1082 679 Ad
1099 641 1217 689 quod
1234 643 1511 689 reperiuntur
1527 641 1668 679 Medii
1683 646 1845 685 motus;
1863 640 1975 679 Solis
1989 641 2025 680 8.
2038 640 2078 680 S.

430 698 465 736 8.
483 698 525 735 P.
547 697 609 735 26.
629 695 653 745 l.
676 697 729 734 10.
748 695 791 744 ll.
813 696 947 743 Long.
970 697 998 741 (ζ
1022 695 1058 732 6.
1076 694 1115 733 S.
1133 694 1168 732 0.
1186 694 1229 732 P.
1248 695 1285 732 5.
1304 692 1329 742 l.
1347 694 1410 732 50.
1429 692 1472 742 ll.
1494 695 1656 732 Anom.
1679 694 1818 732 Lunae
1838 694 1875 733 5.
1897 693 1938 732 S.
1959 693 2014 732 21.
2035 693 2078 732 P.

429 752 491 789 47.
506 749 531 798 l.
544 751 606 789 27.
621 748 664 798 ll.
682 750 804 787 Latit.
817 750 853 787 5.
867 749 906 787 S.
920 749 982 786 24.
995 748 1037 786 P.
1051 748 1113 785 42.
1128 746 1153 795 l.
1166 747 1229 786 27.
1244 745 1287 795 ll.
1305 747 1446 785 Verus
1461 747 1584 785 locus
1597 747 1709 785 Solis
1721 747 1774 785 17.
1787 747 1830 785 P.
1842 747 1905 786 48.
1920 745 1946 795 Ι.
1957 747 2021 786 22.
2035 745 2078 796 ll.

431 804 570 842 Locus
588 804 726 841 Lunae
743 803 796 841 17.
814 802 856 840 P.
873 802 935 840 48.
955 800 980 849 l.
998 802 1024 839 1.
1044 799 1087 848 ss.
1109 799 1372 838 Differentia
1387 800 1441 838 21.
1460 799 1503 848 ll.
1521 812 1622 848 quae
1639 800 1774 839 divisa
1789 802 1835 838 in
1850 800 2078 839 horarium
2117 813 2147 839 ιο

430 857 568 895 Lunae
580 857 642 894 35.
657 855 682 904 l.
695 856 757 894 29.
772 854 829 903 ll..
842 856 947 893 dant
957 855 1020 893 36.
1034 853 1046 902 Ι
1053 853 1078 902 l.
1091 854 1295 892 addenda
1304 853 1514 901 Tempori
1524 865 1642 892 verae
1657 851 1717 903 00,
1730 865 1796 898 eo,
1808 854 1927 901 quod
1939 853 2078 892 Lunae

428 910 550 947 locus
562 909 706 947 adhuc
718 909 934 956 praecedit.
948 908 1124 955 Eritque
1136 907 1330 955 Tempus
1342 907 1398 945 ad
1409 908 1605 945 amussim
1617 907 1851 945 limitatum
1863 907 1922 945 H.
1934 907 1970 946 6.
1983 907 2037 946 51.
2051 905 2076 955 Ι.

428 964 490 1001 55.
503 961 694 1010 ll.Verus
706 962 828 1000 locus
841 961 954 1000 Solis
964 967 1067 999 tunc
1079 961 1133 999 17.
1143 961 1186 998 P.
1197 960 1260 999 48.
1272 958 1297 1008 l.
1308 960 1371 998 23.
1384 958 1427 1008 ll.
1437 965 1476 1003 ‚e‘
1486 991 1494 1005 ,
1507 960 1712 999 Lunae17.
1725 960 1768 998 P.
1780 960 1844 999 48.
1856 958 1882 1008 l.
1892 960 1955 999 23.
1967 958 2010 1009 ΙΙ.
2022 962 2057 1004 11
2068 991 2076 999 .

815 1032 926 1071 PRO
948 1031 1314 1070 LATITVDINE
1335 1031 1505 1069 LVNAE
1525 1031 1695 1070 VERA.

433 1095 733 1186 MEDIUS
755 1100 901 1133 motus
922 1094 1182 1132 Latitudinis
1201 1095 1388 1156 tempori
1408 1105 1525 1132 verae
1551 1091 1596 1143 00
1621 1093 1806 1132 limitato
1826 1099 2078 1142 competens
2116 1106 2145 1132 ιε

574 1148 629 1186 est
648 1149 684 1187 5.
703 1148 742 1186 S.
764 1148 826 1186 24.
845 1148 886 1186 P.
908 1148 970 1186 42.
990 1146 1015 1195 l.
1034 1148 1097 1186 47.
1117 1146 1160 1196 ll.
1183 1147 1270 1186 Cu1
1290 1146 1514 1185 auferatur
1534 1146 1919 1195 Prosthaphaerefis
1938 1147 2077 1186 Lunae

429 1202 625 1241 absoluta
635 1201 698 1240 43.
713 1200 724 1249 l
731 1232 738 1239 .
750 1202 813 1240 57.
828 1200 885 1249 ll..
903 1201 941 1239 &
956 1207 1154 1239 remanet
1165 1212 1296 1239 verus
1311 1206 1457 1238 motus
1469 1201 1729 1238 Latitudinis
1740 1201 1776 1239 5.
1790 1199 1830 1239 S.
1842 1200 1906 1239 23.
1918 1200 1961 1239 P.
1974 1200 2036 1239 58.
2050 1198 2076 1248 Ι.

430 1257 492 1294 50.
517 1254 559 1303 ll.
584 1255 670 1293 Cui
693 1267 747 1293 ex
769 1255 919 1293 tabula
941 1254 1168 1302 respondet
1192 1254 1395 1292 Latitudo
1417 1265 1523 1292 vera
1546 1254 1685 1292 Lunae
1707 1253 1762 1292 31.
1786 1252 1811 1302 l.
1836 1254 1889 1292 16.
1912 1252 1956 1302 ll.
1978 1253 2076 1292 Bor.

430 1310 586 1357 Neque
600 1311 717 1346 enim
729 1308 800 1346 hic
813 1320 924 1356 opus
937 1307 991 1346 est
1003 1308 1163 1355 Longis
1175 1307 1445 1355 ambagibus,
1462 1313 1508 1345 ut
1520 1307 1642 1351 alias,
1659 1307 1870 1355 liquidem
1881 1309 1927 1345 in
1938 1307 2076 1346 Pleni-

429 1364 552 1401 lunio
564 1374 669 1400 vero
680 1361 1063 1409 Prosthaphaerefis
1078 1361 1313 1399 Nodorum
1328 1361 1499 1399 nullam
1516 1360 1804 1399 diversitatem
1818 1361 2075 1399 introducat.
2112 1372 2145 1398 zo

482 1442 592 1481 PRO
614 1441 834 1480 DIGITIS
856 1441 1193 1480 ECLYPTICIS
1214 1441 1287 1479 ET
1307 1440 1617 1480 SCRVPVLIS
1638 1440 2023 1480 INCIDENTIAE.

524 1505 616 1542 VM
640 1504 880 1542 Anomalia
903 1504 1042 1542 Lunae
1066 1505 1208 1551 primo
1232 1509 1462 1551 coaequata
1484 1503 1520 1541 5.
1543 1503 1582 1541 S.
1604 1503 1659 1541 21.
1680 1503 1723 1541 P.
1747 1503 1783 1541 3.
1806 1501 1831 1551 l.
1853 1503 1916 1542 50.
1939 1501 1982 1551 ll.
2006 1503 2075 1542 de-

542 1563 804 1605 promuntur
824 1569 877 1595 ex
897 1557 1047 1595 tabula
1067 1557 1490 1595 semidiametrorum
1511 1556 1656 1594 semid.
1676 1556 1815 1595 Lunae
1836 1556 1890 1595 17.
1908 1554 1934 1605 l.
1951 1556 2014 1595 58.
2032 1554 2075 1605 ll.

428 1612 604 1649 Vmbrae
620 1611 682 1649 46.
702 1609 727 1658 l.
744 1611 807 1649 56.
826 1609 869 1658 ll.
891 1610 1144 1648 Anomaliae
1161 1616 1310 1648 autem
1326 1610 1438 1648 Solis
1455 1609 1683 1658 respondet
1698 1609 1896 1648 Variatio
1910 1609 2076 1648 vmbrae

428 1664 668 1703 auferenda
688 1664 750 1703 56.
774 1662 817 1712 ll.
842 1664 1174 1702 Semidiameter
1196 1666 1324 1712 igitur
1344 1664 1510 1701 vmbrae
1534 1663 1719 1702 limitata
1742 1665 1820 1701 erit
1839 1663 1902 1702 46.
1926 1661 1952 1711 Ι.
1972 1663 2009 1701 0.
2031 1661 2074 1711 ll.
2111 1674 2144 1700 2⁵

428 1719 720 1766 Aggregatum
740 1729 845 1755 vero
869 1717 1102 1755 amborum
1125 1717 1548 1755 semidiametrorum
1572 1717 1711 1755 Lunae
1733 1716 1770 1754 &
1790 1716 1957 1755 vmbrae
1979 1727 2075 1765 pro·

428 1773 571 1809 veniet
587 1771 649 1809 63.
669 1770 693 1818 l.
711 1771 773 1809 58.
793 1769 836 1818 ll.
854 1783 879 1809 a
897 1782 985 1818 quo
1002 1770 1278 1809 subtrahatur
1295 1771 1498 1808 Latitudo
1516 1770 1655 1808 Lunae
1672 1770 1725 1808 31.
1740 1768 1765 1818 l.
1783 1770 1836 1808 16.
1853 1768 1910 1818 ll..
1927 1769 1965 1808 &
1981 1769 2074 1808 refi-

428 1825 564 1862 duum
582 1826 659 1862 erit
676 1824 738 1862 32.
758 1823 783 1871 Ι.
800 1825 863 1862 42.
883 1823 939 1872 ll..
962 1824 1080 1871 quod
1101 1824 1439 1872 multiplicatum
1455 1826 1501 1861 in
1518 1824 1559 1861 12
1576 1824 1730 1872 digitos
1747 1823 1784 1862 &
1801 1823 1985 1862 divisum
2000 1834 2076 1871 per

427 1880 638 1925 integram
660 1878 922 1916 diametrum
944 1878 1096 1921 Lunae,
1119 1877 1308 1915 ostendet
1329 1878 1484 1925 digitos
1505 1877 1749 1925 Eclypticos
1770 1877 1823 1915 10.
1845 1877 1907 1916 55.
1928 1875 1954 1924 Ι.
1975 1876 2011 1916 6.
2031 1875 2074 1925 ll.

427 1931 640 1978 Scrupula
665 1937 814 1969 autem
839 1931 1087 1969 incidentiae
1111 1931 1163 1969 fic
1187 1930 1420 1978 patescunt.
1448 1930 1631 1969 Summa
1656 1930 2076 1969 semidiametrorum
2112 1939 2144 1966 ω

428 1984 565 2022 Lunae
583 1984 620 2021 &
636 1984 813 2022 Vmbrae
830 1984 892 2022 63.
908 1983 932 2032 l.
948 1984 1010 2022 58.
1026 1983 1068 2032 ll.
1087 1984 1325 2022 resolvatur
1342 1986 1386 2022 in
1403 1983 1538 2031 scrup.
1556 1983 1756 2027 secunda,
1774 1983 1812 2022 &
1828 1983 2075 2032 quadretur.

427 2039 713 2084 provenitque
744 2038 1008 2085 quadratum
1039 2038 1252 2076 14730244.
1284 2037 1424 2076 Simili
1452 2038 1586 2075 modo
1612 2038 1850 2084 quadretur
1875 2036 2076 2075 Latitudo

427 2091 565 2128 Lunae
587 2091 773 2129 3519376.
797 2091 896 2129 Hoc
918 2091 1195 2129 subtrahatur
1215 2103 1242 2129 a
1262 2091 1478 2138 quadrato
1498 2091 1934 2135 semidiametrorum.
1955 2089 1993 2129 ἃ
2013 2101 2075 2128 re·

426 2144 618 2181 manebit
640 2144 904 2190 quadratum
926 2144 1228 2192 scrupulorum
1250 2145 1511 2187 incidentiae.
1533 2155 1634 2192 quae
1655 2143 1790 2182 divisa
1811 2155 1888 2192 per
1907 2149 2075 2183 motum

427 2197 654 2234 horarium
672 2197 822 2239 Lunae.
840 2197 1005 2235 dabunt
1021 2197 1215 2245 Tempus
1232 2198 1479 2236 incidentiae
1498 2199 1523 2235 l.
1542 2198 1600 2235 H.
1618 2198 1679 2236 47.
1700 2196 1724 2244 Ι.
1742 2197 1804 2236 50.
1824 2196 1867 2245 ll.
2110 2205 2142 2232 ³⁵

467 2276 545 2314 DE
569 2276 952 2315 REDVCTIONE
973 2277 1267 2316 TEMPORIS
1289 2277 1554 2324 AEQVALIS
1576 2277 1637 2315 IN
1660 2276 1976 2321 APPARENS.
1998 2276 2035 2315 ἁ

796 2339 880 2376 ΑΙ)
904 2339 1305 2377 MERIDIANUM
1329 2339 1705 2378 PRAGENSEM.
1723 2336 1738 2389 ΙΙ

519 2399 554 2436 T
577 2406 723 2437 autem
748 2412 965 2447 apparens
986 2401 1180 2448 Tempus
1202 2401 1416 2448 Eclipseos
1438 2401 1607 2444 constet.
1632 2404 1825 2449 aequatio
1846 2401 2072 2449 Temporis
2099 2403 2150 2437 131

525 2464 576 2490 ex
599 2453 696 2490 loco
721 2455 763 2497 G]
789 2456 832 2490 in
854 2454 1049 2491 tabulam
1071 2457 1333 2501 aequationis
1355 2455 1494 2493 Lunae
1516 2456 1749 2493 intromisso
1770 2456 1970 2503 provenit
1989 2454 2025 2492 4.
2045 2451 2070 2501 Ι.

425 2505 460 2542 2.
476 2504 518 2552 ll.
537 2506 633 2543 add.
652 2505 858 2544 Redufiio
876 2519 979 2544 vero
997 2508 1050 2545 ad
1070 2507 1370 2545 Meridianum
1389 2508 1657 2556 Pragensem.
1675 2520 1808 2556 quem
1824 2508 2071 2599 assumimss
2105 2516 2138 2543 ιο
