2243 3225
361 207 438 245 358
735 201 1187 241 ASTRONOMIAE
1208 200 1630 239 INSTAURATAE

361 312 439 349 BC
460 313 548 348 iarn
569 315 698 347 antea
718 307 952 355 patefaffls,
973 309 1148 345 tertium
1169 307 1302 345 Latus
1323 307 1568 345 delitescere
1589 308 1740 353 nequit
1761 306 1852 349 CE,
1874 305 1916 343 P.
1938 305 2000 344 36.

362 364 386 411 l.
404 365 455 401 15.
475 362 517 410 ll.
535 363 587 406 10,
609 373 784 408 vnaque
806 372 858 398 ex
878 359 1106 408 perspectis
1121 360 1257 398 tribus
1274 360 1458 398 Laterib.
1475 359 1678 407 Angulus
1695 359 1815 397 CEB
1836 358 1920 396 sese
1941 358 2001 397 of-

359 417 463 454 feret
476 416 517 453 Ρ.
532 416 557 453 1.
573 414 597 462 l.
610 415 646 452 9.
661 413 704 461 ll.
716 414 779 457 50,
797 414 1023 452 discrimen
1040 414 1205 460 Longit.
1224 413 1371 451 Nouae
1388 425 1414 451 a
1431 412 1618 450 Flexura
1634 412 1848 450 indicans:
1867 412 2001 450 Cum-

359 480 442 516 que
455 468 586 507 Stella
602 470 723 505 iuxta
735 467 813 504 Ilia
826 467 1063 514 Cassiopeae
1079 466 1256 503 vlterior
1267 466 1313 504 fit
1324 468 1369 504 in
1381 466 1702 513 consequentia,
1721 477 1855 512 quam
1867 465 2003 504 Noua

358 523 464 565 haec,
488 520 804 559 subtrahendus
825 521 942 557 venit
962 519 1032 557 hic
1052 520 1163 566 Ang.
1186 518 1549 557 differentionalis
1569 531 1596 557 a
1615 519 1713 557 loco
1734 519 1767 556 F
1769 518 1936 557 lexurae
1956 520 2002 557 in
2040 532 2056 557 5

358 575 574 621 Ecliptica,
592 579 634 611 vt
650 573 815 620 Longit.
834 573 980 610 Nouae
998 572 1144 610 Stellae
1161 578 1339 610 eruatur
1354 573 1397 610 P.
1415 573 1450 610 6.
1470 571 1495 619 l.
1513 572 1575 610 53.
1594 570 1637 619 ll.
1654 572 1706 610 4Ο
1722 575 1779 616 ὅ.
1798 571 2002 610 Latitudo

357 639 532 675 quoque
558 638 633 674 per
658 627 824 664 Arcum
850 626 927 664 CB
954 625 1200 673 Complem.
1228 628 1321 664 eius
1346 631 1477 664 antea
1501 626 1771 673 praebentem
1796 625 2003 664 conflabit

357 681 398 718 Ρ.
416 681 477 719 53.
497 679 521 728 s.
539 681 600 717 44.
620 678 662 727 ss.
680 680 742 724 50,
761 691 860 727 quae
877 680 965 717 duo
982 678 1158 717 fuerunt
1175 679 1503 727 comperiunda.

990 732 1280 780 Peruestigaui
1291 731 1503 770 hactenus
1514 732 1670 779 triplici
1681 732 1886 780 indagine
1896 731 2001 770 Stel-

936 785 991 823 1ae
1004 785 1150 823 Nouae
1167 785 1314 823 locum
1330 798 1357 824 a
1372 785 1508 823 tribus
1521 785 1758 833 Cassiopeae
1772 785 2000 833 indigenis,
2043 797 2072 823 ιο

936 838 1174 876 secundum
1199 839 1538 887 Longitudinem
1566 844 1696 886 atque
1722 838 1846 876 Latit.
1872 844 2001 886 prout

935 894 1064 930 vnica
1088 893 1300 939 praemissa
1326 892 1617 940 Figuratione,
1645 892 1742 930 haec
1767 891 1999 939 repraesen-

935 945 1069 983 tando
1086 945 1292 983 exhibere
1312 945 1444 984 licuit.
1466 946 1598 983 Nunc
1614 945 1750 983 tribus
1766 944 2001 992 paululum

936 998 1113 1036 diuerfis
1125 998 1447 1037 Schematismis
1464 998 1518 1037 ab
1535 999 1633 1046 alijs
1646 1004 1777 1046 atque
1789 998 1886 1046 alijs
1898 997 1999 1037 Cas-

935 1051 1092 1099 fiopeae
1102 1052 1234 1090 Astris
1246 1053 1363 1091 idem
1373 1052 1583 1090 consimili
1594 1050 1859 1090 inductionis
1870 1053 1999 1090 ratio·
2041 1064 2070 1090 15

935 1107 1154 1143 cinatione
1170 1105 1547 1153 perscrutabimur,
1564 1111 1607 1144 vt
1622 1107 1824 1144 omnium
1835 1116 2000 1143 nouem

935 1159 1215 1197 assumtarum
1237 1159 1335 1197 vsus
1359 1156 1373 1209 ΙΙ
1397 1159 1669 1203 adhibeatur,
1696 1158 1734 1196 &
1759 1158 1905 1197 Stellae
1929 1158 1999 1205 (de
2023 1164 2088 1197 376

935 1224 1023 1259 qua
1046 1212 1233 1260 agimus)
1259 1212 1381 1251 locus
1404 1212 1699 1260 multipliciter
1722 1211 1998 1259 conquisitus,

935 1267 1089 1303 certior
1101 1271 1231 1313 atque
1244 1267 1489 1304 euidentior
1499 1266 1671 1304 euadat.
1685 1266 1804 1304 Nam
1814 1265 1852 1303 &
1860 1267 1999 1304 varie-

933 1324 998 1357 tas
1009 1331 1086 1366 per
1095 1319 1135 1357 se
1145 1318 1338 1364 delectat,
1349 1319 1635 1366 Veritatisque
1648 1318 2000 1357 conformitatem
2037 1331 2070 1357 20

934 1383 986 1410 eo
1003 1375 1142 1421 magis
1158 1375 1204 1410 in
1220 1378 1421 1420 apertum
1438 1373 1622 1411 deducit.

933 1488 1019 1526 AD
1041 1488 1315 1527 STELLAM
1335 1488 1398 1526 IN
1418 1488 1629 1527 CAPITE
1648 1487 1998 1532 CASSIOPEAE,

980 1550 1377 1598 EIUSDEMQUE
1399 1550 1571 1589 GENU
1593 1549 1952 1589 NEOTERICAE

1184 1613 1448 1652 POSITUM
1471 1613 1748 1651 EXPERIRI.

1420 1676 1512 1714 1111.
2036 1687 2068 1714 25

979 1747 1021 1784 N
1051 1746 1219 1785 adiecta
1249 1747 1407 1795 Figura
1436 1747 1482 1784 fit
1507 1748 1547 1784 A
1574 1747 1719 1795 Caput
1747 1746 1997 1794 Cassiopeae.

998 1801 1112 1838 vnde
1139 1800 1270 1839 Stella
1297 1801 1432 1839 Noua
1458 1800 1598 1838 distitit
1623 1806 1730 1848 part.
1750 1800 1802 1838 10.
1826 1798 1851 1847 l.
1873 1799 1936 1838 22.
1963 1799 1997 1838 Β

933 1853 1067 1892 Genu
1085 1854 1288 1897 eiusdem,
1310 1856 1355 1891 in
1376 1856 1620 1892 remotione
1639 1859 1746 1901 part.
1763 1853 1799 1892 8.
1816 1855 1921 1891 min.
1937 1853 1997 1897 Q,

934 1913 1091 1945 caetera
1107 1919 1160 1945 ex
1176 1908 1396 1954 praemissis
1413 1907 1726 1955 intelliguntur.

986 1961 1181 1998 Primum
1197 1963 1344 2008 itaque
1361 1963 1406 1998 in
1420 1960 1661 2009 Triangulo
1673 1960 1811 2003 ΑΒΕ,
1828 1959 1997 2007 Quoni-
2035 1972 2068 1998 30

933 2026 1005 2052 am
1022 2014 1149 2052 datur
1166 2015 1256 2052 Lat.
1274 2015 1369 2057 ΑΕ,
1388 2014 1429 2052 P.
1447 2015 1509 2053 45.
1529 2013 1554 2062 l.
1573 2015 1648 2056 195.
1666 2014 1703 2052 &
1721 2013 1796 2052 BE
1813 2013 1996 2061 part.43.

935 2066 959 2114 l.
986 2068 1048 2110 38,
1079 2074 1262 2115 vtraque
1291 2080 1313 2106 e
1340 2068 1688 2115 Complementis
1717 2068 1998 2105 assumtarum

934 2121 1141 2159 Fixarum
1162 2121 1436 2169 prodeuntia.
1457 2121 1494 2159 &
1511 2121 1714 2169 Angulus
1735 2123 1998 2168 interceptus

934 2174 1070 2215 ΒΕΑ,
1089 2187 1110 2212 e
1128 2174 1373 2213 differentia
1390 2175 1693 2223 Longitudinis
1710 2174 1755 2212 fit
1772 2174 1814 2212 Ρ.
1828 2173 1880 2212 12.
1895 2172 1921 2221 Ι.
1934 2174 1996 2212 46.

934 2227 1065 2265 Latus
1082 2240 1259 2275 quoque
1277 2229 1358 2266 ΒΑ
1375 2228 1619 2266 distantiam
1636 2227 1870 2266 Stellarum
1888 2227 1996 2266 indi·
2035 2239 2068 2265 35

933 2292 1049 2322 cans,
1072 2283 1248 2323 eruitur,
1270 2282 1312 2319 P.
1330 2283 1365 2320 9.
1386 2281 1410 2328 l.
1428 2283 1486 2324 55.
1508 2282 1562 2320 ab
1580 2281 1808 2319 obseruata
1827 2280 1997 2318 insenfi—

932 2334 1071 2371 biliter
1088 2334 1306 2376 differens.
1325 2335 1501 2382 Eritque
1512 2347 1565 2373 ex
1577 2335 1712 2373 tribus
1725 2336 1905 2382 cognitis
1918 2334 1997 2372 La·

933 2387 1094 2424 teribus
1111 2388 1270 2435 Angul.
1290 2389 1426 2430 ΒΑΕ,
1445 2389 1486 2426 Ρ.
1504 2389 1566 2427 74.
1587 2387 1611 2434 l.
1630 2389 1691 2426 46.
1711 2387 1753 2434 ll.
1772 2388 1825 2426 10.

987 2440 1132 2478 Postea
1158 2444 1203 2478 in
1228 2441 1467 2489 Triangulo
1490 2441 1630 2482 ABC.
1657 2453 1710 2479 ex
1737 2441 1889 2479 Latere
1910 2439 1997 2479 AC

831 2500 881 2541 Η
932 2500 1037 2539 part.
1061 2494 1112 2531 10.
1138 2493 1234 2539 s.22
1260 2494 1297 2532 &
1325 2495 1416 2537 BC.
1443 2495 1485 2532 Ρ.
1507 2495 1542 2533 8.
1568 2494 1591 2541 l.
1614 2495 1672 2536 33,
1699 2497 1890 2542 itemque
1914 2493 1996 2532 AB
2035 2505 2068 2531 4ο
