2243 3225
385 197 461 235 236
758 189 1212 230 ASTRONOMIAE
1234 185 1656 225 INSTAURATAE

385 305 429 339 in
450 300 640 338 eiusdem
657 298 809 336 Cornu
829 297 963 344 paulo
981 295 1249 334 Orientalior
1270 293 1429 337 euadit,
1447 292 1485 330 &
1500 292 1698 330 Vulturis
1719 291 1852 330 Stella
1872 293 2029 330 nonni-

384 354 445 391 hil
462 354 516 391 ad
534 353 759 390 Orientem
775 350 946 393 recedit,
964 348 1081 396 quod
1099 350 1231 385 etiam
1246 346 1486 384 Ptolemaeo
1502 344 1858 392 conspiciebatur.

437 404 579 443 Ducta
600 405 736 441 Linea
757 414 783 440 a
804 402 987 449 Capella
1008 404 1053 439 in
1074 400 1328 438 Lucidiores
1349 399 1458 436 duas
1479 400 1593 436 circa
1615 404 1661 438 V
1685 409 1835 441 cornu,
1856 409 1909 436 ea
1929 408 2030 445 quae

384 459 438 497 est
459 461 503 495 in
524 469 638 505 genu
660 455 995 502 Septentrionali
1016 453 1167 497 Persei,
1191 463 1379 490 numero
1400 452 1449 490 23
1471 451 1705 499 paululum
1725 451 1781 489 ad
1803 451 2031 489 Orientem

383 512 573 553 inclinat,
591 510 709 547 ficuti
724 508 986 546 Ptolemaeus
1003 518 1180 554 quoque
1197 505 1589 544 animaduertebat.
2068 517 2084 543 ⁵

437 563 632 611 Capella,
653 562 905 609 praecedens
921 572 997 608 pes
1014 560 1267 607 Erichtonij‚
1285 558 1323 596 &
1339 558 1563 596 Aldebora
1579 557 1675 595 sunt
1691 556 1836 596 adhuc
1852 558 1899 595 in
1914 557 2033 595 linea

385 615 513 655 Recta
529 616 876 663 quamproxime,
899 625 951 651 ea
972 625 1072 660 quae
1089 615 1135 650 in
1151 612 1389 659 Erichtonij
1409 611 1518 659 pede
1534 622 1772 658 parumper
1787 609 1934 648 versus
1951 609 2031 649 Or-

384 677 476 708 tum
492 669 768 716 digrediente.

437 723 505 761 Sic
518 724 649 759 etiam
659 720 791 759 Stella
800 723 845 757 in
856 720 1099 757 Borealiori
1109 730 1246 756 cornu
1255 717 1404 761 Tauri,
1418 728 1519 755 cum
1529 717 1640 764 pede
1650 716 1888 765 Erichtonij
1902 715 2035 755 habet

385 788 501 813 nunc
527 786 703 822 quoque
728 774 767 811 se
794 771 984 820 respectu
1008 772 1204 819 Capellae
1231 771 1268 808 &
1293 770 1442 808 finistri
1467 770 1642 808 humeri
1666 770 1859 814 Orionis,
1885 770 2033 817 quoad
2073 782 2104 808 ιο

385 827 562 867 ductum
578 828 802 869 linearem,
820 825 1197 873 quemadmodum
1214 824 1439 862 Ptolemaei
1455 835 1556 861 aeuo
1573 823 1925 871 disponebantur.

438 882 567 919 Plura
584 880 796 927 Exempla
812 879 1032 917 recensere
1048 878 1316 925 supersedeo,
1333 888 1389 915 ne
1406 878 1594 915 nimium
1610 876 1679 915 his
1695 878 1922 921 immorer;
1944 875 2034 923 Qui

385 935 629 972 vberiorem
651 935 831 980 requirit
854 934 1039 980 copiam,
1065 933 1222 979 poterit
1243 930 1422 978 ipsemet
1444 929 1640 968 adhibito
1664 929 1752 974 filo,
1775 929 1847 968 vel
1869 929 2035 978 Regula

386 989 582 1035 experiri,
609 987 726 1033 quod
753 997 906 1023 omnes
930 985 1018 1023 illae
1044 985 1201 1029 Stellae,
1228 996 1338 1032 quas
1363 983 1741 1022 HIPPARCHVS
1766 982 1804 1020 &
1829 982 2034 1022 PTOLE·

386 1040 565 1078 MAEVS
589 1038 798 1077 directum
822 1039 1044 1077 obtinuisse
1068 1037 1259 1081 ductum,
1281 1037 1351 1075 vel
1374 1038 1725 1084 quamproxime,
1749 1036 1912 1084 scriptis
1935 1047 2036 1074 con·
2077 1049 2107 1074 15

385 1094 615 1141 signarunt,
632 1092 775 1130 nostro
790 1104 966 1139 quoque
979 1103 1080 1129 aeuo
1093 1091 1249 1129 eodem
1260 1090 1433 1138 prorsus
1445 1090 1579 1128 modo
1591 1089 1631 1128 se
1643 1089 1820 1133 habere,
1836 1089 2037 1137 nihilque

385 1150 430 1184 in
447 1146 514 1184 his
530 1146 676 1189 latere,
699 1146 815 1192 quod
832 1145 930 1183 vllis
946 1144 1134 1183 sensibus
1150 1143 1347 1192 cognosci
1365 1148 1508 1191 queat,
1530 1143 1805 1187 discriminis;
1826 1149 1870 1181 vt
1884 1144 2038 1181 mirari

385 1200 482 1238 satis
499 1211 589 1237 non
602 1210 775 1246 queam,
793 1198 968 1236 existere
984 1198 1169 1245 aliquos,
1187 1200 1263 1245 qui
1275 1197 1344 1235 his
1356 1196 1565 1245 refragari
1576 1196 1781 1240 audeant,
1798 1195 2037 1243 Stellasque

386 1256 497 1291 inter
519 1252 559 1290 se
582 1264 673 1289 non
697 1252 868 1290 easdem
891 1257 1102 1299 perpetuo
1126 1251 1385 1289 conseruare
1409 1250 1757 1298 intercapedines
1778 1255 1909 1297 atque
1930 1248 2038 1297 pofi-

385 1309 537 1349 tiones,
560 1311 710 1343 contra
731 1305 972 1352 ipfissimam
992 1305 1187 1343 diuturni
1209 1304 1440 1352 Temporis
1461 1304 1800 1351 Experientiam,
1821 1304 1953 1341 nimis
1974 1304 2037 1341 in-
2076 1315 2110 1341 20

386 1360 482 1397 scite
499 1365 630 1406 atque
646 1359 943 1397 inuerecunde
959 1360 1267 1406 pronunciare.

439 1412 898 1450 Animaduertendum
923 1417 1083 1456 tamen,
1115 1412 1233 1459 quod
1259 1411 1438 1458 quando
1464 1410 1597 1448 huius
1623 1411 1685 1448 rei
1710 1409 1941 1448 instituitur
1966 1420 2038 1447 ex·

387 1467 702 1513 perimentatio,
734 1470 933 1512 oportere
960 1465 1115 1503 Stellas
1140 1476 1307 1508 omnes,
1339 1475 1439 1512 quae
1465 1464 1747 1507 assumuntur,
1772 1463 1885 1501 adeo
1909 1462 2039 1511 supra

387 1519 678 1556 Horizontem
695 1519 906 1557 exaltatas
924 1519 1012 1562 esse,
1034 1523 1077 1556 vt
1096 1518 1232 1556 nullae
1250 1529 1404 1556 earum
1421 1516 1706 1556 Resractionis
1722 1516 2038 1564 impedimento

387 1573 590 1610 obnoxiae
614 1571 703 1615 sint,
727 1578 801 1610 aut
825 1578 937 1609 certe
958 1571 1143 1619 idipsum
1163 1571 1192 1609 fi
1214 1573 1439 1619 contigerit
1462 1571 1538 1617 (vti
1559 1569 1606 1608 fit
1625 1572 1671 1608 in
1692 1570 1922 1608 decliuiori
1941 1568 2038 1616 situ)
2076 1582 2110 1608 25

387 1625 730 1672 praecauendum
747 1631 877 1672 atque
894 1625 1187 1663 limitandum.
1205 1625 1364 1672 Neque
1381 1626 1500 1662 enim
1517 1623 1662 1662 Stellae
1679 1634 1834 1662 omnes
1850 1623 1977 1661 nobis
1993 1624 2039 1661 in

388 1679 498 1716 adeo
510 1690 670 1726 magna
682 1678 878 1726 Sphaerae
891 1678 1191 1726 obliquatione
1205 1678 1517 1721 habitantibus,
1535 1679 1594 1715 ita
1605 1677 1734 1725 supra
1745 1676 2039 1715 Horizontem

389 1737 547 1775 extant,
569 1738 699 1779 atque
715 1731 902 1779 AEgipto‚
919 1732 991 1770 vbi
1008 1731 1293 1779 Hipparchus
1310 1731 1348 1769 &
1364 1731 1628 1769 Ptolemaeus
1644 1730 1740 1769 haec
1756 1729 2039 1778 contemplati

388 1785 493 1822 sunt.

443 1838 558 1876 Cum
570 1840 697 1885 igitur
708 1838 969 1876 sufficienter
980 1838 1157 1886 liqueat,
1175 1837 1330 1876 Stellas
1343 1838 1472 1876 Fixas
1485 1849 1652 1882 omnes,
1669 1837 1836 1885 semper
1847 1836 2039 1875 eundem
2076 1848 2111 1874 30

390 1892 535 1938 quoad
556 1891 596 1928 se
618 1894 808 1929 inuicem
830 1891 1060 1930 obseruare
1082 1891 1279 1939 positum,
1301 1903 1392 1929 non
1413 1890 1588 1929 difficile
1610 1893 1688 1929 erit
1709 1902 1763 1928 ex
1781 1891 1883 1928 dato
1899 1889 2040 1938 Spicae

390 1945 577 1992 Virginis
600 1941 614 1994 ΙΙ
638 1945 747 1987 loco,
771 1945 988 1992 Tempore
1012 1947 1144 1982 trium
1167 1943 1476 1992 praedictorum
1499 1943 1744 1988 Artificum,
1768 1943 2041 1991 reliquarum
2064 1948 2130 1981 236

390 2009 489 2044 quae
511 1997 770 2044 vsurpandae
792 2000 973 2036 veniunt
995 1998 1309 2046 Longitudines
1332 1998 1565 2046 praefinire‚
1590 2003 1721 2045 atque
1744 1996 1963 2045 applicata
1985 1996 2040 2035 ab

391 2051 538 2098 ijsdem
555 2050 688 2098 posita
705 2051 1024 2095 Declinatione,
1043 2052 1337 2089 Latitudinem
1355 2063 1532 2099 quoque
1550 2051 1792 2089 earundem
1805 2049 2041 2089 Stellarum

391 2104 451 2140 illi
478 2116 577 2140 aeuo
603 2104 852 2145 consonam.
879 2116 1043 2146 eruere,
1071 2111 1375 2152 quantumque
1401 2116 1478 2152 per
1503 2104 1598 2142 haec
1625 2106 1670 2142 in
1695 2103 1884 2152 praesens
1909 2102 2041 2151 vsque
2079 2115 2113 2141 35

391 2157 583 2203 Tempus
600 2163 765 2195 mutata
783 2157 839 2199 sit.
858 2158 1005 2204 palam
1023 2159 1215 2201 reddere,
1233 2159 1352 2205 quod
1369 2170 1487 2196 nunc
1503 2157 1815 2206 praessabimus.

446 2209 2042 2258 RefertPtolemaeu5.TIMOCHAREMobseruasseDeclinationemSpicae
2080 2213 2100 2244 *¹*

393 2263 580 2309 Virginis
597 2264 650 2300 ab
668 2263 908 2310 AEquatore
927 2265 1114 2302 Boream
1131 2265 1173 2302 P.
1188 2266 1213 2302 l.
1234 2264 1257 2311 l.
1274 2265 1336 2307 24,
1355 2264 1757 2303 HIPPARCHVM
1774 2269 1923 2302 autem
1940 2274 2042 2302 ean·

393 2316 491 2352 dem
517 2316 567 2352 36
593 2316 739 2353 saltem
766 2316 974 2364 scrupulis
1000 2317 1145 2355 versus
1172 2318 1344 2356 easdem
1369 2324 1513 2366 partes
1543 2317 1684 2361 sitam:
1715 2316 1912 2365 Seipsum
1936 2327 2042 2355 vero

394 2368 506 2405 hanc
524 2369 704 2406 dimidio
721 2370 855 2416 gradu
873 2370 926 2407 ad
941 2370 1145 2408 Austrum
1163 2372 1217 2408 ab
1230 2371 1472 2418 AEquatore
1490 2371 1746 2409 reclinatam
1762 2370 2042 2409 animaduer-
2081 2381 2115 2408 4ο

393 2422 487 2458 tisse.
507 2422 623 2458 Hinc
641 2423 817 2460 assumta
836 2423 1081 2461 Latitudine
1095 2424 1234 2471 Spicae
1247 2424 1437 2472 Virginis
1454 2425 1644 2463 duarum
1661 2425 1821 2471 vbique
1837 2425 2041 2472 partium.

394 2474 570 2520 qualem
595 2475 654 2511 illi
680 2475 843 2522 semper
867 2476 1286 2523 prae-supposuerunt.
1314 2478 1490 2525 (Neque
1515 2480 1633 2515 enim
1657 2477 1825 2515 summa
1848 2475 2042 2524 praecifio

1971 2529 2043 2568 hic
