2243 3225
364 216 441 254 352
580 212 750 251 ASTR.
773 210 930 249 INST.
953 208 1284 248 PROGYMN.
1307 206 1621 245 SECUNDA
1642 207 1793 246 PARS

416 320 602 358 Flexura
618 323 765 356 autem
780 315 1087 354 Ascenfionem
1103 311 1279 351 Rectam
1295 312 1452 351 asciscit
1468 318 1574 360 part.
1592 313 1627 351 8.
1646 311 1671 361 l.
1688 313 1725 358 8,
1745 312 1783 351 8(
1801 313 2005 353 Declina-

363 377 525 411 tionem
542 376 647 419 part.
664 371 726 408 58.
746 368 770 417 Ι.
788 369 872 408 28ὲ.

416 426 614 472 Haecque
626 423 715 471 ipsa
726 420 1308 471 perArmillasAEquatorias
1321 419 1620 467 comprobaui,
1633 421 1873 468 iuuenique
1885 419 2005 459 diffe-

362 481 522 517 rentias
541 475 866 515 Ascenfionales
887 472 1234 521 correspondere,
1257 484 1366 520 quas
1388 484 1505 510 nunc
1525 472 1776 511 summatim
1797 485 2006 521 comprae-

362 532 564 570 hendam.
2043 540 2059 566 ⁵

515 527 921 639 DI'IlssFERENTIAE
942 596 1429 636 ASCENSIONALES
1451 596 1854 643 QUARUNDAM
2030 603 2094 637 367

819 659 1156 699 CASSIOPEAE
1177 658 1547 697 STELLARUM.

729 788 843 819 Nom.
862 787 1072 818 Stellarum
1126 754 1332 812 VAjkucida
1342 758 1392 811 V?
1427 755 1460 785 Α
1477 754 1603 786 Corde
1620 754 1660 797 <Q

1175 832 1201 856 P.
1309 831 1351 856 M.
1459 832 1486 856 P.
1594 831 1635 856 M.

714 900 861 938 Lucid.
880 899 1062 938 Cathed.
1160 899 1211 937 29
1256 908 1257 928 ³
1330 899 1354 937 6
1444 899 1497 937 30
1596 898 1638 936 21
2047 911 2078 937 ιο

713 954 892 992 Schedir
1169 952 1210 990 21
1256 998 1257 1010 ἵ
1303 952 1353 990 37
1445 952 1496 990 37
1596 953 1638 990 51

712 1007 912 1045 Flexurae
1169 1006 1210 1044 17
1256 1011 1257 1020 ¹
1303 1005 1353 1044 53
1453 1006 1495 1043 41
1587 1005 1638 1043 34

412 1115 498 1152 Hae
511 1114 767 1152 differentiae
780 1112 1120 1157 Ascenfionales,
1135 1112 1164 1150 fi
1178 1112 1233 1150 ad
1245 1111 1554 1150 Ascenfionem
1566 1109 1743 1150 Rectam
1755 1111 1932 1150 Lucidae
1944 1117 2005 1156 V,

358 1179 457 1215 quae
479 1173 570 1206 erat
590 1173 692 1205 tunc
709 1167 751 1204 P.
768 1167 831 1205 26.
851 1165 875 1214 l.
894 1167 943 1211 1³2⁷,
966 1165 1004 1204 &
1026 1165 1183 1205 Cordis
1204 1166 1364 1204 Leonis
1383 1165 1425 1203 P.
1443 1165 1523 1203 146.
1543 1164 1568 1213 l.
1586 1165 1671 1209 332³,
1692 1164 1914 1203 viceuersa
1935 1176 2005 1203 ex-

358 1223 619 1265 aminentur,
637 1220 808 1259 easdem
825 1231 935 1267 quas
949 1225 1080 1257 antea
1092 1231 1114 1257 e
1127 1219 1255 1267 Spica
1266 1230 1343 1266 per
1353 1218 1548 1266 Tempus
1564 1218 1847 1266 interlapsum
1862 1220 2004 1266 inqui·
2046 1231 2076 1257 15

358 1274 547 1318 finimus,
570 1273 915 1322 suppeditabunt,
940 1273 978 1311 8(
1000 1272 1030 1310 fi
1050 1272 1146 1310 haec
1167 1274 1319 1311 omnia
1339 1272 1395 1310 ad
1415 1273 1600 1310 Annum
1623 1272 1718 1311 1572
1739 1271 2006 1320 completum

357 1328 617 1375 redigantur,
635 1327 900 1365 consentient
916 1328 1063 1374 vtique
1076 1325 1410 1364 Ascenfionibus
1423 1324 1561 1364 Rectis
1574 1325 1612 1363 &
1624 1325 2006 1364 Declinationibus

357 1393 379 1418 e
397 1381 685 1429 Longitudine
703 1380 740 1418 &
757 1380 1005 1418 Latitudine
1022 1379 1243 1422 deriuatis,
1261 1390 1371 1427 quas
1388 1379 1544 1427 Capite
1560 1378 1755 1427 sequenti
1771 1378 2003 1427 proferam.

356 1434 480 1472 Vnde
497 1446 601 1472 vero
622 1434 708 1472 istae
730 1433 1044 1481 Longitudines
1064 1438 1195 1480 atque
1217 1433 1490 1471 Latitudines
1511 1434 1794 1477 innotuerint,
1815 1438 1932 1480 patet
1952 1444 2006 1470 ex

356 1489 419 1535 ijs,
437 1499 536 1535 quae
553 1488 605 1525 de
621 1486 919 1525 verificatione
931 1486 1183 1525 Affixarum
1195 1486 1430 1525 Stellarum
1443 1486 1598 1534 Capite
1611 1485 1814 1524 Secundo
1829 1485 2004 1524 tradidi·
2043 1497 2076 1524 20

355 1552 466 1585 mus,
479 1553 531 1579 eo
543 1541 803 1588 potissimum
815 1542 860 1578 in
871 1540 970 1578 loco
982 1551 1082 1578 cum
1095 1540 1147 1578 de
1160 1539 1399 1588 Cassiopeae
1411 1539 1560 1578 Sidere
1572 1539 1849 1587 peculiariter
1859 1550 2005 1588 agere-

356 1605 464 1632 mus.
489 1594 653 1632 Placuit
676 1600 825 1632 autem
848 1594 1008 1631 harum
1030 1596 1162 1631 trium
1185 1595 1511 1641 praecipuarum
1533 1592 1818 1631 Ascenfiones
1841 1591 2004 1636 Recitas.

408 1647 495 1685 alia
507 1648 699 1695 quadam
711 1649 879 1685 ratione
892 1647 1059 1685 caelitus
1071 1647 1345 1694 conquisitas,
1357 1658 1445 1685 vna
1457 1657 1558 1684 cum
1570 1646 1952 1684 Declinationibus

461 1707 686 1744 annotare,
698 1707 741 1738 vt
751 1700 981 1738 consensus
990 1700 1232 1738 admodum
1242 1711 1473 1748 congruus,
1485 1700 1583 1738 loca
1595 1699 1756 1738 harum
1766 1701 1898 1738 trium

514 1754 759 1798 Stellarum,
772 1765 961 1801 quarum
973 1756 1105 1791 etiam
1117 1756 1367 1801 praecipuus
1378 1753 1476 1791 vsus
1491 1753 1558 1797 est,
1573 1753 1628 1792 ad
1641 1764 1845 1792 normam
2042 1764 2076 1790 25

567 1807 797 1846 Coelestem
811 1809 889 1845 rite
902 1808 978 1845 esse
991 1807 1200 1854 dispofita,
1217 1806 1473 1851 testificetur,
1491 1806 1790 1854 Quemadmo-

619 1861 724 1898 dum
746 1863 877 1898 etiam
897 1863 943 1898 in
962 1860 1141 1908 reliquis
1158 1860 1396 1908 Cassiopeae
1414 1860 1568 1904 stellis,
1590 1861 1738 1908 quoad

671 1914 824 1952 iustam
845 1914 1044 1952 locorum
1066 1914 1308 1952 earundem
1330 1913 1683 1962 designationem.

725 1967 835 2005 nihil
856 1968 989 2005 latere
1006 1969 1110 2015 vitij.
1133 1979 1200 2005 res
1220 1967 1310 2015 ipsa
1329 1979 1464 2014 quam
1485 1978 1630 2015 aggre-

778 2021 948 2058 diemur
968 2021 1086 2067 (cum
1103 2032 1235 2058 omne
1251 2032 1406 2058 verum
1425 2020 1577 2068 fibijpfi
2041 2031 2074 2057 30

866 2075 1149 2121 vndiquaque
1167 2073 1408 2112 consonum
1425 2073 1487 2120 fit)

928 2127 1170 2165 luculenter
1187 2127 1396 2175 probabit.
1415 2124 1429 2177 ΙΙ

1807 2549 2000 2589 CAPVT
