2243 3225
392 200 467 238 234
767 193 1220 234 ASTRONOMIAE
1241 190 1663 230 INSTAURATAE

392 304 507 352 quod
531 304 601 340 hic
626 301 978 349 patefaciendum
1003 301 1233 338 necessario
1259 299 1393 336 venit:
1420 297 1503 335 hac
1529 297 1581 335 de
1606 308 1652 335 re
1677 299 1870 344 primum
1895 309 2034 346 agere.

392 358 733 404 operaeprecium
759 355 890 398 duco;
921 354 1077 392 deinde
1103 352 1402 394 Instrumenta,
1429 350 1588 397 quibus
1612 351 1872 397 potissimum
1897 353 1943 389 in
1967 351 2036 389 his

392 409 778 448 Obseruationibus
804 406 951 445 confisi
976 406 1135 449 sumus,
1162 404 1472 452 designaturus,
1500 415 1552 441 ea
1576 403 1813 451 praesertim
1839 415 1939 451 quae
1965 405 2036 443 de-

390 464 552 500 lineata
576 461 825 507 sculptaque
850 460 983 497 modo
1007 460 1062 497 ad
1084 469 1245 496 manus
1267 456 1424 501 habeo,
1448 468 1624 503 vnaque
1648 468 1802 494 eorum
1825 457 2037 496 fabricam

390 515 670 562 expositurus.
696 513 895 551 Tandem
919 512 1120 550 Abacum
1146 510 1382 549 Stellarum
1407 521 1434 547 a
1458 509 1585 547 nobis
1609 509 1934 548 verificatarum
1958 513 2036 548 im-
2075 524 2090 549 ⁵

389 570 641 615 pertiemur;
658 567 868 613 praemissa
884 572 1033 603 tamen
1049 564 1111 602 illi
1127 566 1310 607 ratione,
1328 574 1416 610 qua
1431 574 1508 610 per
1523 568 1694 601 motum
1707 564 1925 601 Annuum
1941 563 2037 602 Fix-

389 632 515 659 arum
528 620 761 658 Stellarum
776 619 885 662 loca,
903 619 958 656 ad
975 618 1164 665 quoduis
1175 617 1369 663 Tempus
1385 617 1690 663 proximorum
1705 618 1839 654 trium
1849 617 1920 655 vel
1931 628 2037 664 qua-

388 680 486 711 tuor
503 673 772 717 Seculorum,
795 684 848 710 ex
869 671 964 715 inis,
987 682 1097 718 quas
1114 670 1169 708 ad
1185 671 1371 707 Annum
1391 669 1487 707 1600
1507 669 1788 716 completum,
1810 669 2037 717 disponere

389 727 675 769 decreuimus‚
702 725 937 773 redigendo
962 723 1335 771 praedefiniantur.
1367 722 1480 760 Haec
1505 724 1634 770 igitur
1658 734 1776 761 nunc
1801 721 1914 762 dieto
1939 735 2037 771 pro·

389 780 495 817 cessu
512 779 823 827 aggrediemur.
2077 788 2108 814 ιο

389 885 562 931 QUOD
588 884 822 923 STELLAE
848 883 1002 922 FIXAE
1028 881 1286 921 MUTENT
1311 881 1460 920 SUAS
1485 881 1899 927 LATITUDINES,
1924 882 2036 922 PRO

486 946 748 984 RATIONE
770 945 1044 983 VARIATAE
1066 943 1484 990 OBLIQUITATIS
1505 943 1843 989 ECLIPTICAE,
1865 944 1944 983 EX

551 1006 1109 1046 OBSERUATIONIBUS
1129 1005 1523 1050 TIMOCHARIS,
1545 1006 1873 1045 HIPPARCHI

606 1070 643 1108 &
664 1069 984 1108 PTOLEMAEI
1006 1069 1144 1108 CUM
1166 1067 1412 1107 NOSTRIS
1434 1067 1820 1107 COLLATIONE

877 1131 1088 1176 FACTA,
1111 1130 1547 1169 MANIFESTARE.
2078 1144 2108 1169 15

474 1203 514 1240 X
536 1215 624 1250 quo
645 1203 1041 1241 animaduertimus
1057 1201 1298 1240 nonnullas
1314 1201 1482 1245 Stellas,
1504 1203 1636 1239 etiam
1652 1203 1764 1240 inter
1779 1203 2037 1250 praecipuas,

494 1262 624 1303 atque
646 1268 672 1294 a
692 1256 921 1294 Veteribus
945 1256 1194 1304 diligentius
1217 1254 1481 1299 obseruatas,
1505 1255 1777 1293 Latitudines
1798 1254 1897 1293 suas
1920 1255 2038 1302 (quae

387 1308 598 1347 hactenus
623 1310 919 1347 immutabiles
944 1315 1156 1357 perpetuo
1182 1308 1356 1346 creditae
1381 1307 1493 1354 sunt)
1524 1308 1766 1346 admodum
1790 1307 2039 1347 senfibiliter

388 1363 589 1406 alterasse‚
616 1365 724 1410 caepi
749 1374 924 1400 mecum
949 1363 1231 1410 perpendere,
1258 1363 1334 1409 qui
1358 1361 1400 1399 id
1423 1361 1519 1399 fieri
1544 1363 1745 1409 potuerit,
1771 1362 2038 1409 tandemque

388 1416 620 1453 collatione
637 1416 928 1463 plurimarum
946 1415 1146 1459 instituta,
1169 1414 1453 1462 depraehendi
1470 1417 1640 1453 ratione
1656 1420 1837 1453 mutatae
1853 1414 2038 1462 obliqui·
2077 1427 2110 1453 20

387 1471 484 1506 tatis
501 1469 720 1516 Eclipticae
737 1471 1002 1517 contingere:
1025 1469 1074 1507 In
1095 1470 1147 1517 ijs
1164 1470 1283 1506 enim
1300 1468 1454 1511 Stellis,
1477 1479 1577 1516 quae
1593 1467 1791 1516 Tropicis
1806 1470 2039 1506 viciniores

387 1522 494 1565 sunt,
516 1524 657 1560 maior
677 1523 987 1561 inueniebatur
1007 1521 1265 1565 differentia,
1287 1533 1422 1568 quam
1443 1521 1524 1565 his,
1546 1532 1647 1569 quae
1665 1519 1958 1570 AEquinoctijs
1978 1527 2038 1560 at-

388 1587 472 1622 que
485 1575 677 1623 Solstitijs
689 1577 1040 1623 interponuntur.
1059 1575 1274 1614 Omnium
1286 1581 1435 1612 autem
1446 1577 1645 1619 minima,
1657 1577 1819 1622 vixque
1830 1576 2038 1623 percepti-

387 1628 483 1666 bilis
500 1630 545 1666 in
561 1628 657 1671 illis.
675 1641 775 1676 quae
788 1628 1186 1676 AEquinoctialibus
1203 1629 1310 1666 locis
1326 1628 1525 1671 assissunn
1542 1628 1674 1676 idque
1686 1627 1822 1666 ferme
1834 1639 1887 1667 ea
1897 1630 2039 1667 varia·

387 1684 517 1719 tionis
533 1684 828 1729 proportione,
846 1694 981 1729 quam
997 1688 1165 1720 mutata
1182 1681 1402 1729 Eclipticae
1419 1682 1475 1719 ad
1486 1681 1778 1729 AEquatorem
1795 1681 2038 1726 Inclinatio,
2077 1694 2109 1720 25

388 1746 414 1772 a
431 1734 637 1772 Veterum
653 1735 943 1783 Temporibus
960 1736 1046 1773 huc
1062 1735 1194 1783 vsque
1210 1735 1470 1782 requirebat.

442 1787 558 1826 Cum
579 1794 727 1826 autem
748 1800 815 1826 res
836 1789 931 1827 haec
952 1791 1101 1837 magni
1122 1788 1167 1826 fit
1188 1790 1413 1831 momenti.
1438 1800 1518 1826 nec
1541 1788 1595 1826 ab
1619 1788 1729 1836 alijs,
1753 1788 1872 1836 quod
1894 1787 2038 1832 sciam.

388 1847 517 1879 antea
542 1842 860 1885 animaduersa.
886 1842 1216 1890 plurimumque
1242 1842 1297 1879 ad
1321 1841 1529 1880 Fixarum
1555 1841 1653 1880 loca
1677 1841 1852 1890 singulis
1877 1841 2039 1880 Mundi

388 1895 586 1932 aetatibus
598 1895 787 1942 apposite
800 1896 1062 1943 adaptanda,
1080 1895 1308 1938 conducat,
1325 1895 1469 1933 altiori
1481 1895 1698 1943 indagine,
1710 1897 1944 1943 negocium
1954 1894 2038 1933 hoc

387 1947 595 1985 scrutatus
624 1948 730 1991 sum.
761 1960 840 1986 nec
870 1949 1146 1987 Ptolemaicis
1176 1948 1451 1986 solummodo
1482 1948 1805 1986 Latitudinibus
1834 1950 1880 1986 in
1909 1947 2039 1996 ipfius
2079 1960 2110 1986 ³0

388 2001 539 2038 Abaco
561 2002 787 2045 denotatis,
813 2014 912 2049 quae
933 2003 1220 2050 vtplurimum
1242 2013 1440 2039 erroneae
1461 2001 1557 2039 sunt
1581 2001 1684 2048 (fiue
1701 2001 1927 2045 Authoris‚
1950 2000 2039 2040 flue

387 2053 762 2101 Transcriptorum
783 2057 952 2093 incuria
974 2056 1015 2093 id
1038 2057 1246 2097 euenerit,
1270 2066 1361 2092 non
1383 2055 1584 2101 dixerim)
1609 2054 1679 2093 sed
1699 2055 1911 2102 peculiari
1931 2066 2038 2102 quo-

388 2107 488 2144 dam
506 2108 706 2154 processu,
725 2120 746 2145 e
765 2108 1145 2147 Declinationibus
1158 2104 1361 2157 ali-{lquot
1374 2108 1609 2146 Stellarum
1621 2120 1647 2146 a
1659 2107 2038 2151 TIMOCHARE.
2063 2113 2128 2146 234

389 2160 736 2199 HIPPARCHO
755 2161 791 2198 &
809 2161 1152 2200 PTOLEMAEO
1170 2161 1410 2209 designatis.
1429 2173 1539 2209 quas
1556 2162 1671 2199 idem
1688 2161 1952 2199 Ptolemaeus
1963 2161 2038 2199 Al-

389 2213 559 2259 magesti
578 2213 638 2250 sui
652 2214 740 2251 Lib.
755 2215 789 2251 7.
804 2215 911 2262 Cap.
925 2215 948 2253 3
961 2215 1161 2257 recenset,
1179 2214 1384 2253 adhibitis
1399 2226 1552 2253 earum
1569 2222 1671 2252 tunc
1683 2214 1914 2262 Temporis
1925 2214 2038 2253 Lon·
2076 2226 2111 2252 3⁵

388 2266 668 2312 gitudinibus:
688 2267 956 2305 Latitudines
968 2271 1136 2306 veritati
1150 2270 1386 2316 proximas,
1402 2267 1642 2315 expiscatus
1655 2267 1760 2310 sum.
1778 2267 2038 2315 easdemque

389 2329 487 2355 cum
506 2319 654 2356 nostris
672 2319 1062 2359 Obseruationibus
1079 2321 1255 2359 contuli.

444 2371 753 2418 Longitudincs
770 2381 917 2411 autem
935 2374 1180 2416 Stellarum,
1204 2375 1356 2420 quales
1379 2385 1533 2412 eorum
1550 2386 1652 2412 aeuo
1668 2374 1841 2412 fuerant
1858 2385 1880 2412 e
1897 2373 2038 2422 Spicae

390 2424 576 2471 Virginis
598 2426 748 2472 (quam
771 2428 1045 2474 assignarunt)
1069 2428 1376 2465 Declinatione
1399 2428 1608 2470 rimabar:
1633 2425 1830 2466 Collec'lo
1851 2426 1954 2465 hinc
1975 2429 2038 2465 in-

389 2478 572 2514 teruallo
598 2478 910 2526 Longitudinis,
935 2487 1150 2527 quantum
1172 2481 1388 2526 Tempore
1413 2480 1658 2528 interlapso.
1683 2481 1907 2529 progressae
1929 2479 2038 2571 sung
2077 2492 2110 2518 4ο
