2164 3246
407 224 1067 265 PROGYMNASMATUM
1088 227 1291 266 PRIMA
1312 229 1462 269 PARS
1692 233 1758 271 127

35 342 93 374 115
117 334 154 373 8(
169 337 365 371 remanet
380 343 510 370 verus
522 328 537 382 ΙΙ
552 332 813 371 Latitudinis
829 332 865 371 8.
883 332 922 370 S.
940 332 1003 370 26.
1021 333 1063 371 P.
1081 334 1133 372 17.
1153 333 1178 381 l.
1196 335 1231 372 6.
1251 334 1293 382 ll.
1312 336 1427 374 Cum
1444 349 1548 375 vera
1564 338 1759 376 distantia

65 561 81 586 5

51 879 82 906 10

52 1147 82 1174 15

51 2317 84 2346 ³⁵

115 391 262 426 autem
278 385 586 423 Luminarium
607 386 643 424 9.
661 385 701 424 S.
718 385 782 423 22.
799 386 842 423 Ρ.
860 386 913 424 18.
933 384 958 433 Ι.
975 386 1011 424 8.
1030 385 1073 434 ll.
1097 388 1221 426 elicio
1243 400 1296 426 ex
1317 390 1465 428 tabula
1486 393 1628 437 priore
1649 392 1759 430 scru-

115 439 219 489 pula
229 440 283 478 51.
297 436 322 487 Ι.
334 438 398 477 34.
412 436 456 486 ΙΙ.
469 439 733 483 asservanda,
751 438 789 476 &
804 438 1194 487 prosthaphaerefin
1208 442 1427 480 nodorum
1439 445 1465 480 1.
1479 444 1520 481 Ρ.
1534 444 1586 481 12.
1602 443 1626 491 l.
1639 446 1701 483 57.
1715 444 1758 492 ll.

116 493 231 533 Subt.
247 497 295 531 ut
310 497 537 530 remaneat
552 498 698 530 motus
713 492 955 530 latitudinis
973 500 1226 541 coaequatus
1243 495 1278 533 8.
1292 495 1331 533 S.
1344 496 1407 534 25.
1421 496 1461 533 Ρ.
1475 498 1510 534 4.
1525 496 1550 544 l.
1563 498 1598 535 9.
1613 496 1655 545 ll.
1674 498 1759 536 Cui

116 545 341 595 respondet
360 547 407 583 in
421 545 573 583 tabula
589 545 852 584 Latitudinis
869 546 1072 584 Latitudo
1089 546 1279 586 correcta
1295 550 1331 586 4.
1350 549 1391 586 P.
1409 550 1470 587 57.
1490 549 1514 596 l.
1532 551 1593 587 24.
1613 550 1655 598 ll.
1679 551 1758 589 Ex-

116 600 244 639 cessus
259 598 313 637 18.
331 597 357 647 Ι.
374 599 437 637 55.
456 596 500 647 ll.
518 601 593 646 qui
609 601 655 637 in
671 599 879 637 asservata
894 599 1095 647 scrupula
1116 601 1426 649 multiplicatus
1447 611 1643 650 procreat
1664 616 1758 651 par-

115 659 202 692 tem
220 652 597 701 proportionalem
617 652 671 690 16.
690 650 715 700 l.
736 653 789 691 15.
808 651 852 700 ll.
874 653 1112 691 Latitudini
1134 655 1394 697 addendam.
1416 662 1458 693 vt
1480 668 1583 694 vera
1605 658 1759 695 evadat

115 707 151 746 5.
165 706 208 745 Ρ.
224 705 278 745 13.
291 704 317 754 Ι.
333 705 397 744 39.
411 703 455 754 ll.
473 705 633 744 Merid.
651 706 770 753 quod
786 708 970 744 omnino
986 706 1281 745 insenfibiliter
1298 709 1351 746 ab
1369 709 1591 747 observata
1608 710 1758 748 differt.

625 803 890 842 TERTIVM
911 804 1252 843 EXEMPLVM.

186 865 319 905 NNO
335 865 443 911 1592,
465 865 550 904 Die
567 865 620 904 12.
638 865 877 910 Februarii,
897 866 955 904 H.
973 867 1009 905 8.
1027 866 1090 904 M.
1108 866 1161 904 12.
1184 867 1421 906 Observata
1439 868 1492 906 est
1509 869 1710 907 Latitudo
1728 872 1756 915 (ζ

228 931 334 958 vera
353 919 407 958 16.
426 917 452 967 Ι.
473 920 509 958 5.
531 917 574 968 ll.
595 919 667 957 Ad
687 925 861 967 tempus
881 925 1031 958 autem
1051 920 1158 958 illud
1180 921 1392 969 colligitur
1413 923 1595 969 aequalis
1615 930 1758 961 motus

116 972 373 1012 Latitudinis
393 974 456 1019 (ζΞΕ
475 973 540 1011 54.
563 971 589 1021 Ι.
610 972 673 1011 23.
696 971 740 1021 ll.
762 973 1146 1021 Prosthaphaerefis
1168 974 1362 1012 absoluta
1383 975 1418 1012 3.
1436 975 1478 1013 P.
1500 976 1562 1014 36.
1585 975 1610 1023 l.
1631 977 1693 1014 45.
1715 975 1757 1024 ll.

115 1026 243 1072 Add.;
263 1031 310 1065 ut
329 1031 476 1065 motus
491 1038 622 1064 verus
642 1026 790 1064 existat
806 1027 842 1064 4.
860 1026 902 1064 P.
920 1027 974 1065 31.
993 1025 1018 1075 l.
1036 1027 1071 1065 8.
1091 1026 1133 1075 ll.
1151 1027 1266 1066 Vera
1285 1034 1431 1066 autem
1449 1029 1660 1067 Distantia
1677 1030 1759 1067 Lu·

114 1081 352 1119 minarium
362 1080 399 1118 4.
409 1079 450 1119 S.
462 1080 499 1118 4.
509 1079 553 1118 P.
565 1079 619 1118 13.
633 1078 659 1128 l.
673 1080 717 1118 ll.
732 1078 775 1128 ll.
788 1080 968 1128 largitur
980 1092 1033 1118 ex
1044 1080 1194 1119 tabula
1205 1081 1405 1129 scrupula
1416 1083 1760 1130 proportionalia

115 1133 169 1172 41.
189 1131 216 1182 l.
236 1133 299 1172 25.
321 1131 366 1182 ll.
387 1133 641 1172 asservanda
661 1133 699 1172 8(
719 1133 1113 1181 Prosthaphaerefin
1134 1134 1367 1172 Nodorum
1388 1136 1414 1172 l.
1437 1136 1478 1173 P.
1500 1136 1562 1174 53.
1586 1135 1610 1183 s.
1632 1136 1694 1173 32.
1716 1135 1758 1183 ll.

116 1185 232 1226 Cum
251 1198 340 1235 quo
361 1198 415 1225 ex
434 1186 586 1226 tabula
606 1187 868 1225 Latitudinis
892 1189 1057 1225 eruitur
1078 1188 1280 1226 Latitudo
1303 1190 1331 1234 ζ(
1355 1189 1407 1226 15.
1431 1187 1456 1236 l.
1477 1189 1513 1227 3.
1537 1188 1579 1236 ll.
1602 1189 1699 1226 Bor.
1722 1189 1759 1226 8(

116 1240 311 1279 Excessus
329 1241 393 1280 57.
417 1239 460 1289 ΙΙ.
482 1243 558 1288 qui
577 1242 624 1279 in
643 1240 846 1288 scrupula
866 1239 1020 1279 duetus
1041 1242 1239 1288 producit
1260 1241 1309 1279 39
1332 1240 1375 1289 ll.
1397 1249 1564 1289 partem
1583 1254 1759 1290 propor-

115 1293 336 1339 tionalem,
357 1305 459 1342 quae
479 1294 628 1333 addita
648 1294 887 1332 Latitudini
907 1296 1042 1342 priori
1064 1294 1276 1332 constituit
1296 1307 1447 1333 veram
1468 1296 1759 1333 Latitudinem

117 1347 170 1387 15.
182 1345 208 1397 Ι.
219 1347 283 1386 42.
296 1345 340 1396 ll.
353 1347 452 1386 Bor.
470 1347 603 1395 Quod
618 1349 745 1386 tertia
760 1347 900 1386 solum
916 1348 1049 1386 modo
1066 1350 1223 1386 minuti
1235 1355 1368 1396 parte,
1386 1355 1658 1386 momentum
1670 1360 1760 1386 non

116 1400 315 1446 habente,
331 1400 475 1440 deficit
486 1400 541 1439 ab
553 1400 791 1440 observata.
809 1401 853 1440 Si
864 1407 1013 1440 autem
1025 1401 1406 1449 Prosthaphaerefis
1418 1402 1650 1439 Nodorum
1662 1414 1760 1450 neg-

116 1452 224 1494 letfta
241 1454 387 1500 sufflet,
408 1455 503 1493 esset
518 1455 722 1493 Latitudo
743 1467 797 1493 ex
817 1455 976 1493 tabulis
996 1455 1059 1493 24.
1078 1453 1104 1503 l.
1122 1455 1239 1502 quod
1260 1456 1314 1493 ab
1332 1455 1642 1493 Observatione
1663 1456 1760 1503 plus

117 1519 251 1556 quam
264 1508 290 1548 8
303 1509 484 1548 minutis
500 1507 704 1547 differret.

616 1606 906 1654 QVARTVM
923 1606 1262 1644 EXEMPLVM.

185 1668 318 1708 NNO
331 1669 439 1715 1595,
451 1669 506 1707 D.
515 1669 568 1708 18.
577 1669 817 1714 Februarii,
829 1669 940 1707 Hor.
949 1670 985 1707 5.
999 1669 1110 1707 Min.
1123 1668 1185 1707 43.
1199 1681 1236 1707 a.
1249 1680 1305 1706 m.
1320 1668 1556 1707 Observata
1567 1668 1645 1706 fuit
1657 1680 1760 1706 vera

231 1722 435 1761 Latitudo
456 1724 485 1769 (ζ
508 1723 544 1762 5.
568 1721 594 1771 l.
615 1723 678 1761 20.
702 1721 745 1771 ll.
768 1723 867 1761 Bor.
889 1722 1042 1760 Motus
1063 1722 1322 1760 Latitudinis
1342 1722 1512 1759 medius
1533 1723 1568 1760 5.
1587 1721 1626 1759 S.
1645 1722 1699 1759 21.
1717 1722 1758 1759 P.

117 1773 179 1814 39.
196 1773 222 1824 Ι.
239 1776 292 1815 15.
311 1774 355 1825 ΙΙ.
376 1776 761 1824 Prosthaphaerefis
783 1778 811 1822 (ζ
835 1776 1031 1814 absoluta
1051 1777 1087 1814 5.
1105 1776 1146 1813 P.
1167 1776 1228 1813 34.
1248 1774 1273 1823 l.
1291 1775 1352 1813 53.
1372 1774 1414 1822 ll.
1436 1775 1547 1813 Add.
1569 1782 1611 1812 vt
1631 1786 1760 1812 verus

118 1828 272 1868 evadat
291 1830 327 1868 5.
349 1829 390 1869 S.
410 1830 474 1869 27.
495 1830 539 1868 P.
561 1830 615 1868 14.
639 1828 664 1878 l.
686 1829 722 1868 8.
746 1828 790 1878 ll.
824 1829 1038 1868 Distantia
1058 1841 1162 1867 vera
1187 1829 1492 1866 Luminarium
1514 1829 1549 1866 7.
1571 1828 1610 1866 S.
1632 1828 1694 1865 22.
1717 1828 1758 1865 P.

117 1881 179 1921 55.
190 1880 203 1931 Ι
208 1913 216 1921 .
227 1882 291 1921 34.
302 1881 315 1932 l
320 1881 333 1932 l
338 1914 346 1921 .
358 1883 566 1922 monstrat
576 1883 779 1931 scrupula
789 1883 852 1922 38.
865 1882 889 1931 l.
901 1883 963 1921 38.
976 1881 988 1931 l
995 1881 1032 1930 1.,
1046 1883 1308 1925 asservanda,
1322 1881 1359 1919 8(
1371 1881 1760 1929 Prosthaphaerefin

118 1934 350 1975 Nodorum
364 1937 392 1975 1.
409 1937 453 1975 P.
469 1937 524 1975 41.
543 1935 568 1985 Ι.
586 1938 640 1976 15.
659 1935 702 1985 ll.
724 1937 837 1975 Add.
860 1943 906 1974 ut
928 1942 1182 1983 coaequatus
1203 1936 1382 1983 prodeat
1403 1936 1439 1973 5.
1457 1934 1496 1973 S.
1514 1935 1575 1973 28.
1594 1934 1635 1972 P.
1653 1935 1715 1972 55.
1734 1933 1759 1980 l.

117 1987 179 2027 23.
201 1987 244 2038 ΙΙ.
266 1992 342 2038 qui
361 1991 569 2029 immissus
588 1993 635 2029 in
654 1990 851 2029 tabulam
874 1990 1146 2033 Latitudinis‚
1168 1989 1346 2027 ostendit
1367 1990 1402 2026 5.
1426 1987 1450 2035 Ι.
1473 1988 1534 2026 37.
1558 1986 1601 2035 ll.
1623 1994 1661 2025 et
1681 1987 1761 2024 Ex-

118 2042 270 2081 cessum
289 2043 352 2082 30.
371 2042 415 2092 ll.
432 2043 485 2082 de
506 2056 596 2092 quo
616 2044 828 2092 scrupulis
849 2044 1063 2082 asservatis
1085 2045 1279 2090 congruit
1301 2042 1404 2080 Pars
1425 2040 1762 2089 proportionalis

117 2095 317 2135 addenda
336 2097 390 2136 19.
414 2095 457 2146 ΙΙ.
479 2097 534 2136 Vt
553 2109 660 2136 vera
676 2097 880 2136 Latitudo
901 2096 947 2134 fit
967 2098 1003 2135 5.
1023 2095 1048 2144 l.
1065 2096 1128 2134 56.
1148 2095 1190 2143 ll.
1213 2096 1310 2133 Bor.
1329 2107 1428 2142 quae
1450 2095 1504 2132 ab
1527 2094 1762 2132 Observata

118 2148 296 2189 dimidio
311 2152 483 2189 minuto
499 2151 632 2190 distat.
649 2151 694 2190 Si
706 2149 1089 2198 Prosthaphaerefis
1102 2150 1321 2187 nodorum
1333 2149 1478 2186 omissa
1490 2147 1633 2188 fuisset.
1652 2147 1761 2184 Lati-

118 2202 222 2241 tudo
238 2205 492 2252 provenisset
507 2205 561 2243 14.
581 2203 620 2253 1.,
637 2216 790 2243 veram
805 2204 830 2243 8
845 2206 1026 2242 minutis
1043 2204 1269 2241 excedens.

190 2308 269 2348 ED
284 2321 340 2349 ne
356 2309 505 2350 lee'tori
522 2323 587 2356 ea,
605 2323 705 2359 quae
722 2311 1037 2350 enodationem
1049 2309 1087 2347 8(
1099 2308 1510 2348 demonstrationem
1522 2306 1675 2344 nostrae
1688 2306 1762 2353 hy-

198 2362 426 2411 potheseos
436 2367 483 2403 in
493 2371 617 2403 motu
626 2365 867 2403 latitudinis
877 2370 1160 2406 concernunt,
1171 2363 1363 2403 deessent.
1374 2361 1646 2408 Exemplum,
1658 2371 1761 2406 quo-

39 2418 97 2452 116
118 2416 249 2455 modo
264 2414 504 2468 La-sstitudo
523 2419 552 2464 ))
570 2430 623 2456 ex
635 2418 884 2466 Triangulis
901 2417 1176 2464 supputanda
1187 2418 1316 2458 venit.
1335 2415 1585 2453 addendum
1602 2412 1761 2450 censui·

118 2479 226 2508 mus.
243 2469 541 2510 Retinebimus
552 2483 658 2510 vero
670 2472 799 2515 idem,
813 2483 901 2519 quo
914 2476 1044 2509 antea
1056 2472 1100 2507 in
1113 2468 1388 2516 Triangulari
1401 2466 1761 2505 demonstratione

119 2520 180 2561 ufi
198 2521 358 2563 sumus.
380 2524 430 2563 In
451 2525 534 2564 hac
552 2527 699 2573 itaque
716 2524 978 2573 figuratione
995 2523 1040 2561 fit
1057 2523 1147 2560 AD
1164 2523 1309 2560 media
1326 2521 1550 2559 inclinatio
1568 2519 1716 2557 orbitae
1734 2519 1760 2606 ὲ)

1708 2583 1731 2607 a
