2164 3246
417 199 1076 240 PROGYMNASMATUM
1099 203 1302 242 PRIMA
1324 204 1476 244 PARS
1699 207 1776 245 283

122 310 254 358 periri
273 309 474 346 tentauit:
495 306 567 345 vbi
584 306 640 345 ob
656 306 964 352 &fractiones
987 315 1077 347 tam
1093 312 1138 347 in
1155 310 1254 348 Sole
1272 323 1407 358 quam
1424 312 1607 356 Venere.
1629 313 1776 352 versus

123 362 417 401 Horizontem
436 360 711 405 inclinantes,
733 360 831 399 loca
851 361 1013 399 horum
1031 363 1210 401 vlterius
1231 366 1276 402 in
1297 365 1618 413 consequentia,
1641 378 1775 414 quam

36 424 99 456 275
122 427 202 464 par
226 414 293 459 est,
318 414 653 462 prolongantur;
679 414 869 462 indeque
891 414 1142 454 Affixarum
1165 414 1514 467 Lon-flgitudines
1540 420 1607 457 his
1632 420 1774 468 super-

66 478 86 509 -1·
122 467 287 508 struetae
298 467 628 516 aliquantulum
639 469 790 506 nimiae
803 468 1010 506 euadunt.
1029 469 1072 508 Si
1084 482 1189 508 vero
1201 474 1296 518 pari
1308 474 1477 510 ratione
1489 474 1545 511 ad
1557 473 1775 512 Venerem

71 536 86 562 5
121 522 296 566 AEoam‚
313 521 429 560 hanc
444 523 736 569 pragmatiam
752 521 998 565 instituisset;
1015 525 1163 571 vtique
1181 525 1235 562 ob
1254 524 1578 564 Refradtionum
1595 528 1774 574 impedi-

121 581 271 614 menta
280 574 322 613 se
333 574 468 622 paulo
479 574 654 622 longius
666 586 821 612 eorum
833 575 930 613 loca
946 578 1216 622 promouisse.
1235 578 1401 625 liquido
1419 579 1773 626 deprehendisset:

122 628 500 678 quemadmodum
515 639 542 666 a
557 627 684 666 nobis
704 627 859 675 Capite
881 628 1083 667 Secundo
1105 631 1333 679 multiplici
1355 635 1774 680 experimentatione

121 681 356 731 praestitum
379 681 451 720 est:
474 687 518 719 vt
541 681 596 720 ob
619 681 663 719 id
685 680 818 720 fidem
842 688 983 720 ratam
1004 685 1280 731 interponere
1302 697 1394 723 non
1414 685 1677 730 haefitamus,
1702 690 1774 725 vix

121 737 300 775 vnicum
315 735 496 783 quidem
511 735 741 773 Minutum
757 737 802 773 in
819 735 970 774 nostris
987 736 1221 775 Stellarum
1236 738 1612 787 Longitudinibus,
1631 743 1689 778 cis
1706 741 1775 778 vel

56 802 86 828 ιο
121 789 244 834 vltra,
270 789 452 828 deuium
477 788 671 827 existere:
698 788 863 827 nedum
888 795 932 827 vt
957 792 1102 837 quinis
1128 791 1196 829 vel
1221 791 1333 829 senis
1359 793 1505 840 (prout
1530 792 1609 831 fert
1633 793 1773 832 Land-

121 844 336 892 grauiana
351 842 519 890 opinio)
537 842 706 880 eaedem
722 844 1026 890 anticipentur.
1046 844 1195 882 Laude
1212 845 1503 884 nihilominus
1515 846 1775 894 sempiterna

121 897 302 945 dignum
325 895 381 934 est
403 897 557 944 optimi
580 895 697 934 illius
720 895 931 944 Principis
954 897 1153 941 studium,
1181 899 1298 946 quod
1323 905 1413 937 tam
1436 900 1576 938 arduo
1600 907 1773 942 conatu.

120 955 330 998 tantaque
346 949 581 998 diligentia,
598 948 833 988 Stellarum
845 949 878 987 F
880 952 1054 988 ixarum
1069 952 1426 990 emendationem
1443 954 1646 1001 expedire
1662 954 1773 992 susti-

120 1005 280 1042 nuerit:
305 1008 398 1041 vtut
420 1005 466 1041 in
488 1002 690 1051 pauculis
714 1002 799 1041 istis
823 1005 1033 1052 minutijs‚
1059 1007 1132 1042 vix
1156 1005 1344 1044 senfibus
1371 1006 1525 1054 obuijS,
1553 1007 1774 1055 diuagatio

54 1069 84 1095 1⁵
121 1056 328 1105 quaedam
349 1056 658 1095 tantummodo
681 1056 816 1094 latere
840 1064 990 1104 queat:
1016 1070 1116 1105 quae
1140 1059 1304 1097 nullius
1328 1071 1440 1107 pene
1465 1059 1519 1098 est
1542 1063 1772 1103 momenti;

120 1121 201 1149 nec
223 1112 356 1149 etiam
377 1110 434 1149 ad
455 1115 625 1149 tantam
650 1110 950 1158 praecifionem
976 1112 1030 1150 ab
1054 1112 1150 1150 vllis
1174 1118 1372 1150 veterum
1394 1113 1772 1157 Astronomorum,

119 1168 383 1213 peruentum
406 1163 473 1202 est.
507 1163 852 1211 Quamprimum
880 1170 1029 1202 autem
1056 1165 1187 1213 ipfius
1215 1165 1492 1204 Celfitudinis
1516 1167 1568 1205 de
1592 1167 1674 1206 hac
1698 1168 1772 1205 Af-

120 1217 311 1256 fixarum
332 1216 598 1256 restitutione
622 1217 760 1265 Opus,
787 1219 832 1255 in
855 1218 1080 1265 publicum
1105 1219 1179 1265 (vti
1202 1221 1292 1257 iam
1316 1221 1483 1258 dudum
1506 1221 1632 1259 nobis
1654 1221 1773 1268 spem

119 1270 234 1318 fecit)
250 1271 474 1318 prodierit;
490 1276 586 1309 tum
601 1270 782 1309 demum
798 1270 931 1310 huius
948 1272 1236 1320 aliquantulae
1253 1276 1364 1311 inter
1380 1285 1461 1311 nos
1475 1273 1772 1322 discrepantiae

51 1336 85 1362 zo
120 1323 367 1363 occafiones
383 1336 550 1369 eruere,
566 1326 811 1372 promptius
827 1325 972 1369 fuerit:
991 1325 1028 1363 &
1045 1338 1180 1373 quam
1197 1327 1423 1375 diligenter
1434 1330 1635 1375 vtrinque
1648 1328 1772 1366 Fixa-

120 1389 219 1417 rum
233 1377 332 1417 loca
347 1389 374 1416 a
389 1377 517 1416 nobis
533 1378 826 1426 redintegrata
840 1378 931 1422 flnt,
949 1379 1137 1418 instituta
1153 1380 1386 1418 ambarum
1404 1380 1773 1419 Obseruationum

120 1431 366 1476 collatione,
383 1443 476 1470 non
490 1433 639 1470 minus
651 1432 846 1470 iucunda
860 1444 995 1480 quam
1007 1433 1098 1471 vtili
1116 1433 1234 1479 (cum
1246 1436 1291 1471 in
1303 1434 1480 1472 diuersis
1493 1435 1598 1472 locis
1610 1434 1772 1473 habitae

119 1484 209 1530 fint,
225 1484 265 1524 ἃ(
279 1490 435 1524 neuter
450 1485 575 1524 alteri
590 1484 667 1523 sua
683 1485 871 1524 Inuenta
887 1486 940 1524 ab
958 1488 1081 1524 im'tio
1098 1486 1363 1534 patefecerit)
1381 1487 1540 1535 absque
1558 1490 1679 1526 omni
1696 1489 1771 1526 du-

119 1539 192 1578 bio
213 1538 388 1587 patebit.
413 1538 671 1587 Optandum
695 1541 843 1587 itaque
866 1539 988 1583 foret,
1013 1542 1225 1578 eximium
1248 1541 1366 1579 hunc
1390 1541 1587 1579 laborem
1610 1543 1655 1579 in
1679 1553 1771 1589 per-

51 1603 84 1630 2⁵
119 1597 298 1641 petuam
323 1592 652 1641 Landgrauiani
682 1595 876 1631 nominis
906 1594 1245 1632 celebrationem
1275 1600 1445 1632 mature
1475 1595 1636 1642 publici
1667 1597 1772 1633 iuris

120 1645 257 1685 reddi:
274 1657 355 1684 nec
371 1648 466 1684 eius
482 1648 545 1684 rei
561 1646 744 1694 cupidos
759 1646 836 1684 suo
854 1647 1062 1685 defiderio
1080 1650 1210 1685 nimis
1227 1648 1302 1685 diu
1318 1647 1565 1686 frustratum
1581 1651 1644 1686 iri.

172 1699 307 1738 Porro
332 1705 550 1747 quantum
574 1699 727 1748 finguli
753 1702 860 1738 anm'
885 1703 930 1738 in
956 1701 1128 1739 duobus
1158 1701 1514 1739 antecedentibus
1538 1702 1607 1740 vel
1637 1701 1771 1740 subse-

120 1752 354 1801 quentibus
369 1753 548 1798 Seculis‚
565 1753 729 1792 addant
745 1754 815 1792 vel
831 1754 1028 1792 adimant
1041 1755 1322 1802 Longitudini
1334 1755 1568 1793 Stellarum
1584 1755 1655 1793 hic
1672 1767 1771 1793 con-

120 1805 306 1855 signatae,
323 1806 506 1846 Tabella
521 1807 775 1855 praecedens
792 1807 830 1845 &
846 1807 1109 1855 subsequens
1125 1808 1251 1846 facile
1269 1809 1478 1856 expediet.
1502 1809 1772 1847 Latitudines

51 1870 85 1897 ³0
120 1865 281 1905 autem,
302 1859 375 1899 etfi
394 1872 487 1899 non
507 1863 692 1899 omnino
714 1861 1011 1905 inuariabiles,
1032 1864 1091 1899 vti
1111 1862 1196 1900 huc
1213 1861 1344 1909 vsque
1362 1862 1573 1900 creditum
1590 1862 1656 1905 est.
1678 1874 1771 1909 per-

119 1919 342 1959 maneant,
362 1913 433 1953 sed
453 1916 688 1953 mutationi
709 1915 1007 1953 inclinationis
1027 1915 1258 1963 Eclipticae‚
1281 1916 1486 1953 obnoxiae
1507 1927 1533 1953 a
1555 1916 1680 1954 nobis
1702 1916 1771 1953 de-

119 1966 344 2015 prehensae
360 1967 454 2006 fint:
473 1967 590 2007 Cum
606 1974 755 2007 tamen
772 1968 867 2006 haec
883 1969 1111 2007 tardissime
1128 1969 1432 2007 alterationem
1448 1969 1687 2007 sensibilem
1699 1969 1771 2007 ad-

120 2022 275 2065 mittat;
296 2021 569 2070 digressiones
586 2033 763 2069 quoque
781 2021 1015 2060 Stellarum
1031 2025 1077 2060 in
1093 2022 1231 2060 latum
1253 2023 1306 2060 ab
1329 2023 1467 2060 orbita
1484 2022 1637 2065 Solari,
1659 2025 1772 2060 intra

120 2075 202 2113 tria
215 2073 286 2113 vel
301 2080 492 2123 quatuor
507 2075 665 2114 Secula
681 2075 1006 2123 perceptibilem
1022 2078 1314 2114 variationem
1330 2078 1403 2113 vix
1419 2075 1659 2114 sortientur.

51 2137 85 2164 3⁵
172 2126 372 2167 Tandem
383 2128 519 2167 veluti
532 2127 724 2177 respeetu
737 2129 957 2177 Eclipticae
969 2129 1261 2177 plurimarum
1275 2141 1327 2167 ex
1339 2129 1497 2167 Affixis
1513 2129 1611 2167 loca
1627 2130 1771 2168 elabo-

121 2185 212 2219 rate
227 2181 485 2230 digessimus:
504 2181 558 2220 fic
575 2182 613 2220 &
630 2194 718 2230 quo
735 2183 791 2220 ad
807 2182 1098 2230 AEquatorem
1115 2183 1157 2221 id
1174 2183 1314 2230 ipsum
1329 2185 1374 2220 in
1392 2185 1584 2221 centenis
1602 2183 1771 2230 quibus-

120 2233 223 2273 dam
237 2233 530 2274 [electioribus
546 2234 740 2274 factitare
758 2248 848 2274 non
865 2236 1231 2284 supersedendum
1248 2237 1467 2274 duximus.

173 2286 381 2336 Sequenti
397 2291 525 2338 igitur
537 2289 724 2328 Canone
738 2290 918 2328 totidem
931 2289 1164 2328 Stellarum
1177 2290 1460 2328 Ascenfiones
1474 2288 1622 2331 rectas,
1636 2289 1673 2327 &
1687 2290 1771 2327 De-

122 2340 391 2387 clinationes,
403 2343 548 2381 Annis
560 2343 667 2381 1600.
681 2343 837 2382 &1700.
852 2343 1089 2391 completis.
1107 2343 1429 2391 adaptauimus.
1445 2350 1487 2381 vt
1500 2346 1632 2381 etiam
1644 2346 1772 2381 annis

52 2404 86 2431 ⁴0
121 2395 401 2444 intermedijs‚
415 2408 492 2444 per
503 2396 796 2435 differentiam
809 2397 1073 2435 incidentem
1085 2397 1209 2435 simul
1222 2397 1473 2445 appositam.
1487 2397 1581 2434 haec
1594 2408 1771 2444 propor-

121 2448 340 2487 tionaliter
355 2449 566 2497 applicari
583 2457 758 2498 queant.

228 2562 278 2588 36·
1536 2556 1769 2594 TABVLA
