2243 3225
404 210 454 247 98
779 203 1233 243 ASTRONOMIAE
1254 201 1676 241 INSTAURATAE

405 314 555 352 diebus
572 315 617 350 in
634 311 937 353 Reuolutione,
959 309 1096 347 ueluti
1112 320 1191 356 pro
1208 320 1360 346 annuo
1376 308 1519 355 spacio
1536 310 1582 345 in
1597 307 1687 355 ipsa
1703 307 1862 346 Radice
1878 313 2048 346 motum

408 369 449 410 Θ
470 367 687 407 diurnum,
710 366 785 410 qui
805 369 907 401 tunc
928 362 994 406 est,
1015 362 1231 400 mensurae
1252 362 1350 399 loco
1366 361 1541 405 habent,
1562 366 1691 408 prout
1707 372 1788 398 nos
1805 361 1951 399 docuit
1966 361 2047 399 Ex—

402 420 625 466 perientia,
642 418 961 459 numeratione,
979 426 1078 462 quae
1094 417 1217 452 iuxta
1228 414 1520 452 Ptolomaeum
1536 416 1754 461 integrum
1768 414 1944 461 praecise
1955 426 2048 462 gra-

403 472 519 515 dum,
544 470 581 508 &
604 482 657 507 ex
679 471 972 507 recentiorum
995 468 1276 515 quorundam
1299 469 1510 514 opinione
1533 473 1703 505 motum
1729 469 1772 512 Θ
1797 466 2048 515 Simplicem

403 525 610 562 diurnum
629 521 697 570 59]
718 520 776 569 8ll
798 522 975 564 assumit,
997 521 1284 568 undiquaque
1305 532 1396 558 non
1413 520 1644 558 constante.
1667 520 1751 558 Sed
1772 520 1825 558 de
1845 520 1926 564 his,
1948 532 2049 559 cum

402 576 667 624 Astrologica
686 577 842 622 potius,
865 585 999 621 quam
1015 573 1320 611 Astronomica
1339 573 1430 617 fint,
1451 585 1543 611 non
1564 573 1619 611 est
1638 573 1768 611 nostri
1786 573 1961 611 instituti
1977 573 2048 612 hic

401 629 598 677 pluribus
614 639 753 676 agere.
776 628 888 665 Haec
904 638 1012 665 uero
1029 627 1081 665 de
1102 628 1145 671 Θ
1165 632 1294 674 prout
1312 638 1430 664 nunc
1450 626 1769 674 proposuimus,
1790 628 1836 664 in
1852 627 2049 665 medium

401 682 577 720 attulisse
587 681 778 719 sufficiat.
786 681 916 724 Alibi,
925 680 1102 718 uolente
1109 680 1319 724 Numine,
1329 679 1825 727 plura&uniuersaliora
1834 680 2048 718 dabimus.

454 735 501 773 Id
521 735 670 773 saltem
691 745 808 772 nunc
829 733 963 777 restat,
985 739 1031 771 ut
1051 744 1219 770 nouam
1239 732 1436 771 tabulam
1452 735 1716 780 aequationis
1737 733 1908 771 dierum
1923 739 2047 772 natu-

401 788 572 831 ralium,
594 793 810 835 quatenus
826 788 996 834 Apogei
1013 792 1053 824 et
1069 786 1407 824 Eccentricitatis
1427 785 1571 824 nostra
1591 788 1702 824 ratio
1718 788 1763 824 in
1783 787 1827 831 Θ
1846 785 1931 825 hoc
1947 797 2048 825 aeuo

400 843 590 888 requirit,
608 852 897 888 apponamus.

453 894 561 931 Vsus
582 896 675 941 ejus
697 893 763 937 est,
785 899 831 931 ut
851 893 1135 940 ingrediendo
1152 903 1253 930 cum
1269 891 1386 940 figno
1403 891 1440 930 &
1456 892 1594 940 gradu
1609 892 1694 930 loci
1713 894 1757 937 Θ
1777 894 1883 936 ueri,
1905 903 2048 931 excer-

399 953 558 994 pantur
578 949 623 984 in
644 948 868 984 communi
890 945 1101 983 concursu
1122 947 1293 983 minuta
1313 948 1535 993 temporis,
1559 957 1659 993 quae
1679 947 1806 994 juxta
1825 946 2048 994 assignatas

399 1001 544 1038 literas
569 1001 609 1037 A
631 999 669 1037 &
690 999 717 1038 S
743 999 960 1037 addantur
980 998 1050 1036 vel
1074 998 1395 1043 subtrahantur,
1420 1001 1607 1046 tempori
1632 1001 1874 1047 apparenti,
1899 1004 1947 1038 ut
1971 998 2048 1038 fiat

399 1053 582 1100 aequale.
596 1052 830 1091 Contrario
842 1052 976 1090 modo
988 1053 1220 1099 agendum,
1233 1051 1262 1089 fi
1274 1051 1446 1099 aequale
1458 1058 1630 1100 tempus
1640 1054 1685 1090 in
1695 1052 2046 1100 apparensTem—

398 1118 479 1153 pus
495 1106 843 1144 conuertendum
858 1105 998 1143 fuerit.
1016 1102 1031 1156 ΙΙ

555 1201 647 1245 DE
671 1201 876 1245 LVNAE
898 1200 1100 1245 MOTV
1122 1200 1499 1245 RESTITVTO
1521 1200 1890 1245 APPENDIX.

448 1274 592 1317 UNA,
614 1274 800 1312 alterum
817 1274 1068 1318 Luminare‚
1087 1273 1298 1312 secundas
1313 1274 1403 1322 post
1419 1274 1566 1312 Solem
1582 1276 1694 1312 inter
1710 1273 1898 1312 coelestia
1913 1273 2047 1322 digni-

500 1329 597 1365 tatis
618 1333 761 1374 partes
780 1327 994 1371 obtinens,
1016 1327 1197 1371 menses,
1219 1328 1597 1375 quemadmodum
1613 1327 1686 1365 ille
1702 1338 1845 1366 annos
1860 1329 2047 1371 metitur,

398 1381 698 1428 plurimasque
710 1381 820 1419 alias
832 1382 948 1418 uires
960 1382 1005 1418 in
1018 1381 1191 1419 Natura
1202 1392 1350 1418 rerum
1366 1381 1440 1419 fibi
1452 1382 1669 1425 uendicat,
1686 1381 1739 1419 de
1755 1380 1915 1428 quibus
1930 1391 2048 1418 nunc

398 1436 528 1471 nimis
553 1434 773 1481 prolixum
799 1433 908 1471 foret
933 1434 1088 1472 dicere.
1115 1434 1228 1472 Haec
1253 1436 1414 1481 itaque,
1441 1446 1542 1472 cum
1568 1434 1680 1473 Solis
1706 1433 1826 1482 quafi
1850 1433 1965 1472 socia
1989 1433 2047 1477 fit.

397 1499 692 1535 magnamque
705 1499 806 1525 cum
818 1499 870 1525 eo
882 1487 1225 1525 familiaritatem
1238 1487 1276 1525 &
1288 1487 1717 1536 correspondentiam
1733 1487 1938 1531 obtineat,
1955 1493 2049 1525 tum

469 1593 734 1632 ECLIPSES
756 1594 935 1632 LVNAE
955 1594 1135 1632 VNVM
1157 1594 1229 1632 ET
1250 1594 1494 1638 VIGINTI,
1516 1594 1677 1633 SOLIS
1698 1594 1918 1633 NOVEM
1938 1595 1980 1632 A

824 1645 970 1677 NOBIS
992 1645 1292 1677 DILIGENTER
1314 1645 1622 1677 OBSERVATAE

610 1708 1040 1753 Ες111>51ῐ5ΙΝΝΑΕΠ
1416 1708 1651 1753 ᾸΞῼῙΑΙΡΞΕΞ
1674 1708 1833 1753 LVNAE
1949 1751 1971 1759 2

431 1770 513 1795 Anni
539 1758 544 1803 Ι
594 1771 714 1796 Menses
776 1771 850 1797 Dies
882 1771 919 1796 Η.
948 1772 988 1797 Μ,
1073 1752 1153 1803 pigi.
1248 1771 1331 1797 Anni
1358 1759 1363 1804 Ι
1413 1771 1534 1797 Menses
1595 1771 1669 1797 Dies
1701 1771 1738 1797 Η.
1767 1771 1807 1797 Μ.

432 1823 513 1854 1573
559 1823 746 1855 Decemb.
814 1824 834 1855 8
904 1824 923 1855 8
965 1824 985 1855 3
1028 1825 1159 1855 totalis
1250 1824 1332 1855 1595
1377 1823 1514 1856 Oc‘tob.
1634 1825 1652 1855 7
1700 1824 1742 1855 20
1762 1823 1805 1855 29
1851 1824 1983 1855 totalis

432 1868 514 1899 1576
558 1866 695 1899 chtob.
815 1869 833 1899 7
858 1893 859 1901 ,
884 1868 917 1899 11
943 1868 985 1900 32
1028 1877 1107 1900 non
1120 1872 1198 1908 pat.
1250 1868 1333 1900 1596
1376 1869 1493 1908 April.
1633 1869 1653 1899 2
1722 1868 1743 1899 9
1762 1868 1805 1899 29
1853 1876 1932 1900 non
1944 1871 2021 1908 pat.

432 1912 514 1942 1577
557 1912 675 1951 April.
813 1913 833 1943 2
903 1912 922 1943 8
943 1913 985 1944 50
1027 1913 1158 1944 totalis
1250 1912 1332 1944 1598
1377 1913 1512 1945 Febru.
1633 1913 1653 1944 9
1704 1912 1742 1944 18
1785 1913 1804 1944 7
1884 1913 1918 1943 11
1947 1912 1990 1944 30

433 1956 514 1987 1577
558 1956 755 1996 Septemb.
791 1957 833 1988 26
884 1957 922 1988 13
965 1957 984 1988 3
1027 1958 1158 1989 totalis
1250 1957 1332 1988 1598
1375 1957 1529 1997 August.
1632 1958 1653 1989 6
1723 1957 1804 1988 737
1851 1957 1982 1988 totalis

433 2000 514 2031 1578
558 2000 755 2040 Septemb.
795 2002 833 2032 15
884 2001 921 2032 13
946 2002 983 2032 17
1092 2002 1126 2035 2ὲ
1250 2001 1332 2032 1599
1377 2002 1531 2032 Ianuar.
1611 2002 1653 2033 30
1704 2001 1741 2032 17
1763 2001 1805 2032 50
1851 2001 1983 2033 totalis

433 2044 514 2075 1580
559 2044 712 2076 Ianuar.
791 2045 828 2076 31
884 2046 922 2076 10
964 2046 984 2076 9
1027 2046 1158 2077 totalis

433 2089 508 2119 1581
559 2089 712 2120 Ianuar.
796 2090 834 2120 κ)
902 2090 983 2121 957
1026 2091 1158 2121 tota11s
1441 2072 1662 2104 ECLIPSES
1683 2072 1825 2104 SOLIS

433 2133 509 2163 1581
559 2133 637 2173 Iulij
796 2134 833 2164 15
884 2135 922 2165 16
943 2135 983 2165 57
1027 2135 1158 2166 totalis
1250 2136 1332 2166 1567
1376 2136 1494 2175 April.
1633 2135 1654 2166 9
1722 2135 1742 2166 Ο
1785 2135 1805 2166 0

433 2177 514 2207 1584
560 2177 754 2208 Nouemb.
815 2179 832 2208 7
885 2179 922 2209 13
946 2179 984 2209 12
1027 2180 1158 2210 totalis
1250 2179 1332 2210 1579
1377 2180 1512 2211 Febru.
1611 2180 1653 2211 25
1723 2181 1742 2211 5
1764 2180 1805 2211 50

434 2221 513 2251 1587
558 2221 754 2260 Septemb.
814 2223 833 2253 6
902 2223 922 2253 9
947 2223 984 2253 16
1067 2223 1087 2253 9
1112 2224 1153 2254 45
1250 2224 1332 2255 1584
1377 2225 1494 2264 April.
1611 2224 1653 2255 30
1723 2225 1742 2255 5
1763 2223 1806 2255 39

434 2265 514 2295 1588
560 2266 686 2305 Martij
814 2267 833 2297 2
884 2267 922 2297 15
964 2267 984 2297 2
1027 2268 1157 2298 totalis
1249 2268 1332 2299 1590
1377 2269 1456 2308 Iulij
1611 2269 1647 2299 21
1724 2269 1741 2299 7
1764 2269 1805 2299 54

433 2309 514 2339 1590
560 2310 746 2341 Decemb.
792 2311 833 2341 30
902 2312 922 2341 6
942 2312 984 2341 55
1028 2320 1105 2342 non
1119 2316 1196 2351 pat.
1250 2312 1325 2343 1591
1377 2313 1457 2353 Iulij
1615 2313 1653 2343 10
1723 2313 1742 2344 3
1763 2312 1805 2344 33

433 2354 514 2383 1592
560 2354 652 2394 Iunij
796 2355 833 2385 14
884 2356 922 2385 10
947 2356 984 2386 16
1078 2356 1097 2386 8
1122 2356 1142 2386 Ο
1250 2356 1331 2387 1595
1376 2357 1574 2396 Septemb.
1611 2357 1652 2388 23
1727 2357 1737 2387 1
1786 2356 1805 2388 8

433 2398 514 2428 1592
560 2398 746 2429 Decemb.
814 2399 833 2429 8
903 2400 921 2429 7
943 2400 979 2430 41
1028 2408 1105 2430 non
1119 2404 1195 2439 pat.
1250 2401 1331 2431 1598
1377 2401 1512 2432 Febru.
1611 2401 1653 2432 24
1700 2401 1742 2432 23
1767 2401 1806 2432 16

433 2442 514 2472 1594
559 2441 694 2473 Οόὶοὺ.
796 2443 833 2473 19
885 2443 922 2473 19
942 2444 984 2474 26
1028 2453 1105 2475 non
1119 2449 1196 2484 pat.
1250 2445 1332 2475 1599
1377 2445 1456 2485 Iulij
1615 2446 1647 2476 11
1705 2446 1743 2477 16
1785 2445 1805 2476 8

433 2485 514 2515 1595
559 2487 675 2526 April.
797 2487 833 2517 13
884 2488 922 2518 16
943 2488 984 2519 36
1026 2489 1157 2519 totalis
1250 2490 1331 2519 1600
1377 2490 1469 2531 Iunij
1611 2490 1653 2521 30
1726 2490 1737 2520 1
1763 2490 1805 2520 44

1892 2135 1912 2520 QMOMNQMQO

1936 2134 1979 2520 00888008‘&

2088 793 2118 819 10
