2164 3246
49 815 80 842 10

49 1084 79 1110 1⁵

45 1619 78 1646 25

44 2207 77 2233 35

43 2473 77 2500 40

412 217 1072 259 PROGYMNASMATUM
1094 221 1297 260 PRIMA
1319 222 1470 262 PARS
1718 223 1769 262 87

117 324 242 375 padio
259 327 391 364 etiam
407 326 453 363 in
469 324 606 363 altera
622 330 744 372 parte
761 325 907 364 versus
919 326 1075 365 Polum
1087 327 1341 366 Austrinum
1359 329 1586 376 quaefitum
1603 331 1766 368 obtine-

116 381 272 419 bimus.

170 432 403 472 Construxi
414 437 563 470 autem
575 430 658 470 hac
669 431 879 470 methodo
892 432 1205 472 Ascenfionum
1219 433 1447 473 Rediarum
1459 436 1676 474 Tabulam
1688 438 1765 475 fin-

116 486 227 536 gulis
243 485 464 533 Eclipticae
479 485 675 533 partibus
691 484 992 524 sufficientem:
1010 489 1152 524 maior
1168 490 1286 525 enim
1303 488 1386 526 hoc
1403 489 1499 527 loco
1517 501 1606 527 non
1624 490 1678 527 est
1693 491 1764 528 ad-

116 539 300 579 modum
326 539 558 577 necessaria
585 537 885 583 subdistinclio,

116 592 327 642 siquidem
345 594 651 640 proximorum
668 592 886 640 graduum
1191 587 1227 623 Α
1376 566 1409 609 Ρ

116 645 373 685 differentiae
390 657 482 684 non
497 647 557 684 ita
572 645 762 683 multum
773 648 885 684 vari-

116 705 200 739 ent.
231 699 276 739 Si
300 701 398 748 quis
422 704 572 738 tamen
598 698 886 746 scrupulosior

116 753 188 792 hic
210 753 287 792 esse
309 752 445 798 malit,
468 754 624 800 poterit
645 751 885 791 seeundum

116 805 275 846 didiam
303 804 605 845 indudlionem
634 806 689 844 ad
719 805 886 854 singula

114 860 230 900 dena
249 862 421 899 minuta
440 859 556 898 hanc
577 862 710 898 etiam
729 859 884 897 Tabel-
917 862 954 907 F

114 913 205 953 lam
224 913 470 958 extendere,
489 919 533 951 vt
553 914 599 951 in
615 912 884 951 Declinatio-

115 967 244 1007 nibus
259 966 546 1016 praestitimus.

168 1020 402 1060 Mutantur
416 1032 522 1059 vero
538 1019 577 1058 &
592 1020 726 1058 huius
738 1020 884 1059 Cano·
905 1038 943 1073 E

115 1076 183 1114 nis
215 1076 391 1113 numeri
426 1076 549 1113 iuxta
586 1073 884 1112 inclinationis

116 1127 335 1176 Eclipticae
355 1127 411 1167 ad
431 1127 722 1175 AEquatorem
742 1129 883 1166 varia-

115 1184 294 1227 tionem,
313 1181 412 1220 licet
426 1193 518 1220 non
534 1181 659 1226 adeo,
676 1181 746 1220 sed
763 1180 883 1220 diffe-

115 1236 255 1274 rentia
281 1235 475 1284 quadam
501 1236 752 1283 perexigua,
783 1246 884 1283 quae

114 1287 485 1337 tamenfipraecise
493 1290 645 1327 omnia
653 1288 884 1327 scrutanda

115 1342 204 1387 lint,
225 1354 317 1381 non
337 1342 597 1391 negligenda
613 1344 745 1387 venit,
766 1342 883 1380 ideo-

115 1395 884 1444 quenos&hancTabulamadnostri

115 1449 258 1489 Seculi
268 1451 487 1488 veriorem
498 1449 803 1497 obliquitatem
818 1452 1074 1495 maximam,
1093 1449 1241 1489 exafie
1258 1449 1582 1491 reclificandam
1599 1464 1763 1501 operae-

114 1505 310 1552 precium
325 1503 545 1548 duximus,
566 1503 791 1551 siquidem,
808 1515 909 1551 quae
925 1504 980 1542 ab
997 1504 1094 1553 alijs
1111 1504 1212 1543 huic
1229 1507 1403 1553 negotio
1420 1505 1639 1544 destinatae
1656 1506 1763 1550 sunt,

114 1558 261 1596 minus
271 1562 414 1596 ratam
423 1556 643 1605 Eclipticae
653 1557 1010 1596 Declinationem
1021 1570 1100 1606 pro
1112 1558 1400 1597 fundamento
1413 1559 1615 1597 habeant.
1629 1560 1763 1607 quue

115 1621 168 1649 eo
183 1612 329 1659 potius
344 1609 628 1649 efficiendum
643 1611 762 1655 duxi,
779 1612 898 1659 quod
914 1611 1010 1650 haec
1022 1611 1203 1650 Tabella
1215 1624 1307 1650 non
1318 1614 1552 1651 minimum
1565 1615 1609 1651 in
1622 1613 1762 1651 Astro-

114 1665 299 1703 nomicis
314 1663 438 1703 vsum
452 1663 705 1713 suppeditet,
726 1670 859 1712 vtque
875 1664 905 1703 fi
921 1665 1101 1713 quando
1120 1668 1310 1713 partium
1327 1666 1545 1714 Eclipticae
1562 1666 1763 1704 Ascensio

114 1715 244 1756 Recta
263 1719 310 1756 in
329 1717 414 1757 hoc
433 1723 525 1756 toto
544 1717 690 1766 Opere
711 1720 976 1766 requiratur;
998 1720 1112 1757 vnde
1134 1731 1186 1757 ea
1206 1719 1394 1758 facilime
1416 1720 1613 1767 depromi
1634 1720 1762 1767 possit.

114 1773 159 1809 in
181 1776 358 1820 promtu
379 1770 502 1810 foret.
525 1772 673 1820 Atque
694 1771 790 1810 haec
812 1772 864 1810 de
885 1772 1158 1811 Tabularum
1179 1773 1530 1811 antecedentium
1552 1773 1762 1811 construc-

113 1826 244 1870 tione,
264 1824 363 1864 satis
379 1823 492 1864 dicia
509 1824 600 1864 fint.
622 1825 755 1864 Nunc
775 1825 966 1864 breuiter
982 1838 1135 1864 earum
1152 1826 1346 1874 aliquem
1362 1826 1496 1869 vsum,
1514 1839 1601 1864 vno
1618 1827 1686 1864 vel
1703 1827 1762 1864 al—

114 1883 206 1917 tero
222 1878 437 1927 Exemplo
453 1878 892 1927 comprehendemus.

165 1967 311 2007 VSUS
331 1967 864 2008 ANTECEDENTIUM
885 1968 1265 2007 TABULARUM
1288 1968 1391 2007 PER
1414 1969 1708 2007 EXEMPLA.

229 2039 310 2079 OC
330 2039 421 2088 ipso
437 2041 586 2085 Anno,
607 2052 697 2088 quo
718 2039 814 2078 haec
835 2040 1058 2078 scribimus
1078 2040 1184 2083 1588.
1206 2041 1275 2078 die
1296 2040 1538 2088 penultima
1557 2040 1763 2088 Ianuarij.

241 2092 576 2132 obseruauimus
599 2093 825 2142 diligenter
848 2093 1138 2131 Altitudinem
1162 2094 1275 2132 Solis
1299 2094 1609 2136 Meridianam,
1634 2094 1763 2131 colla-

113 2148 231 2186 tione
255 2146 450 2195 plurium
470 2147 860 2186 Instrumentorum
885 2145 1010 2191 hela,
1036 2147 1078 2185 P.
1102 2148 1154 2185 l9.
1178 2146 1203 2194 l.
1226 2148 1301 2190 171¹„
1327 2147 1429 2185 huic
1451 2159 1472 2185 e
1494 2147 1665 2185 Tabula
1688 2147 1763 2184 Re-

113 2198 376 2239 sractionum
391 2200 614 2240 Solarium
632 2200 937 2249 correspondet
954 2199 1167 2239 Refrac‘lio
1187 2199 1212 2248 l.
1229 2202 1265 2238 4.
1285 2199 1327 2249 ll.
1346 2201 1408 2243 50,
1431 2212 1530 2248 quae
1552 2200 1716 2238 sublata
1738 2212 1763 2237 a

113 2253 201 2292 visa
220 2253 493 2300 Eleuatione,
517 2266 570 2293 eo
594 2254 712 2302 quod
734 2252 949 2293 Refraclio
971 2254 1138 2302 semper
1159 2254 1310 2293 Sidera
1333 2254 1431 2302 plus
1454 2254 1560 2291 iusto
1584 2254 1762 2295 attollat,

113 2309 316 2355 prouenit
331 2307 530 2347 Altitudo
547 2320 574 2347 a
590 2306 863 2346 Refractione
880 2308 1028 2351 libera,
1047 2308 1088 2345 P.
1107 2308 1160 2346 19.
1175 2306 1200 2355 l.
1214 2308 1267 2345 12.
1284 2306 1326 2355 ll.
1342 2308 1404 2350 20.
1423 2308 1564 2355 qualis
1581 2319 1603 2344 e
1621 2307 1761 2354 super—

113 2359 208 2399 ficie
223 2360 373 2400 Terrae
388 2359 617 2410 spectatur:
640 2361 772 2410 Igitur
788 2373 841 2400 ea
858 2361 1076 2400 Parallaxi
1093 2361 1237 2399 adhuc
1255 2361 1310 2398 est
1327 2361 1530 2399 obnoxia.
1551 2360 1700 2407 Quare
1718 2363 1762 2397 in

112 2412 283 2453 Tabula
297 2415 610 2459 Parallaxium,
632 2417 754 2453 iuxta
771 2415 812 2453 19
828 2415 1086 2453 Altitudinis
1106 2415 1290 2463 gradum
1311 2414 1566 2462 accipiendo
1588 2425 1686 2451 earn
1703 2414 1762 2451 di-

113 2467 358 2507 uerfitatem
376 2466 584 2517 aspectus,
606 2480 707 2516 quae
724 2471 931 2517 contingit
947 2471 1059 2507 inter
1074 2470 1305 2506 minimam
1324 2467 1360 2505 &
1377 2468 1569 2505 mediam
1586 2479 1611 2505 a
1628 2467 1762 2504 Terra

113 2519 368 2566 distantiam,
391 2524 616 2560 inuenitur
637 2521 711 2559 illa
734 2520 759 2569 l.
777 2522 813 2559 2.
833 2520 875 2569 ll.
893 2523 956 2560 54.
979 2522 1090 2560 Haec
1112 2522 1258 2559 addita
1279 2523 1411 2568 priori
1434 2521 1664 2558 Altitudini
1687 2531 1762 2567 per

1446 2572 1760 2611 Resradlionem
