2164 3246
105 839 136 866 10

414 237 1073 278 PROGYMNASMATUM
1095 239 1408 280 SECUNDA
1429 242 1580 281 PARS
1746 243 1823 282 335

174 350 294 394 parte
311 350 570 383 annotatam
590 344 739 389 habui,
761 356 862 392 quae
878 345 1130 384 Parallaxes
1146 346 1419 386 Instrumenti
1439 348 1662 393 exhibens,
1684 362 1821 397 quan-

173 405 266 437 tum
282 400 396 437 circa
411 397 600 446 fingulos
613 397 884 437 Remotiom's
901 399 1134 438 Stellarum
1152 400 1391 440 obseruatae
1405 402 1594 446 Gradus,
1612 403 1821 442 distantiae

173 451 287 496 visae,
307 451 653 490 subtrahendum
668 454 848 495 veniret,
870 458 913 490 vt
929 465 1033 491 vera
1050 453 1087 491 8(
1104 453 1179 501 ipfi
1197 454 1325 492 Coelo
1347 455 1550 499 consona,
1572 468 1621 494 ac
1638 456 1667 494 fi
1684 468 1736 495 ex
1754 458 1820 496 In-

172 505 395 544 strumenti
407 504 572 543 Centro
583 507 766 543 intuitus
783 506 985 553 prodiret,
1003 506 1262 546 ostendebat.
1281 508 1436 556 Sicque
1453 509 1541 547 leui
1559 512 1820 558 compendio

173 558 275 597 huic
291 558 515 606 dispendio
531 558 858 597 subueniebam.
881 559 1005 598 Ratio
1022 567 1171 598 autem
1188 573 1276 608 qua
1292 561 1362 600 hae
1380 562 1630 601 Parallaxes
1649 575 1819 602 earum·

172 623 257 661 que
272 611 456 650 Tabella
471 611 735 656 constabant,
752 611 806 650 fic
822 612 964 651 habet.

224 665 512 713 Concipiatur
535 667 582 703 in
606 667 811 713 proxima
834 666 1038 714 sequente
1064 667 1341 715 Figuratione
1365 671 1405 706 A
1430 669 1643 708 Centrum
1667 671 1818 709 Instru-

171 721 323 763 menti;
343 719 427 757 AB
445 718 483 757 &
498 718 585 758 AC
601 718 680 757 fint
696 719 839 757 ambae
857 722 951 758 eius
968 720 1156 768 Regulae.
1180 721 1347 760 Oculus
1368 729 1515 761 autem
1537 723 1818 763 collimatoris

170 772 217 811 fit
231 774 354 811 iuxta
367 772 397 811 1.
415 772 570 820 Estque
585 778 797 820 perpetuo
809 775 855 811 in
866 773 984 811 linea
996 772 1125 812 Recta

170 828 388 865 interioris
411 825 653 874 superficiei
676 826 854 874 Regulae
878 827 977 871 BA;
1004 828 1124 865 Ideo·
1159 809 1195 852 B

170 891 255 928 que
275 879 330 918 ab
351 879 427 918 illa
441 885 563 927 parte
579 879 750 918 nullam
767 880 1018 918 Parallaxin
1035 880 1123 919 effi-

170 935 237 978 cit,
256 938 403 981 vtpote
424 933 669 981 quiescente
691 933 856 982 Regula
875 934 958 971 BA
979 934 1016 972 8(
1038 931 1123 984 εις-ΙΙ
1784 919 1812 948 ⁰

83 993 147 1026 342
170 986 348 1026 cedente
368 987 686 1034 recedenteque
704 987 759 1025 ab
775 987 859 1025 hac
875 987 1012 1026 altera
1028 988 1122 1026 AC.

103 1107 134 1133 15

97 1641 131 1667 25

170 1039 439 1079 Producatur
454 1042 602 1088 itaque
619 1040 702 1078 BA
714 1042 760 1078 in
772 1040 802 1085 Ι,
820 1040 858 1078 8(
874 1041 928 1079 ab
946 1041 962 1078 I
981 1041 1122 1080 Oculo

170 1095 216 1132 in
227 1093 277 1139 C,
292 1093 440 1132 versus
455 1093 644 1132 alterum
656 1093 962 1132 Pinnacidium
979 1094 1122 1132 traha-

169 1152 238 1186 tur
253 1145 383 1186 Rec'ta
400 1146 476 1192 IC,
498 1149 620 1186 iuxta
636 1149 760 1186 cuius
777 1159 981 1186 normam
998 1148 1122 1186 Visus

168 1200 313 1240 tranfit
323 1201 381 1240 ad
391 1200 699 1239 Pinnacidium
711 1201 760 1240 C.
776 1201 889 1239 Dico
902 1202 1020 1249 quod
1032 1203 1122 1239 An-

168 1254 294 1303 gulus
304 1253 412 1293 ACI
423 1254 470 1292 fit
480 1254 571 1302 ipsa
581 1254 857 1293 Instrumenti
868 1255 1121 1299 Parallaxis,

168 1319 268 1356 quae
283 1307 337 1346 fic
352 1308 492 1347 datur.
510 1307 739 1355 Quoniam
755 1310 953 1356 cognitus
965 1308 1020 1346 est
1031 1310 1121 1346 An-

167 1360 616 1410 gulusBAC,peracta
624 1361 1121 1410 Obseruatione,perAr-

168 1425 268 1453 cum
279 1415 372 1460 BC,
389 1415 517 1454 datur
533 1417 627 1454 eius
644 1417 832 1454 exterior
849 1415 972 1457 CAI,
990 1415 1121 1454 Com-

166 1468 645 1516 plementumvidelicet
655 1469 710 1507 ad
721 1469 832 1507 duos
842 1467 1006 1512 Reftos,
1016 1481 1120 1516 qua-

166 1533 212 1560 re
223 1523 269 1560 in
279 1521 519 1571 Triangulo
530 1522 642 1561 ACI
660 1534 761 1561 cum
773 1523 929 1561 dentur
941 1523 1029 1561 duo
1042 1523 1120 1560 La-

166 1580 258 1614 tera
265 1576 494 1625 Angulum
505 1582 662 1615 notum
673 1576 1120 1624 compraehendentia‚

167 1628 251 1668 CA
271 1629 361 1678 ipsa
377 1629 555 1679 Regulae
572 1630 820 1678 Longitudo
837 1642 863 1668 a
881 1630 1045 1668 Centro
1066 1630 1121 1668 ad

165 1681 482 1729 Pinnacidium,
504 1695 606 1731 quae
622 1685 668 1722 in
684 1684 852 1731 aliquot
868 1690 1012 1731 partes
1028 1683 1120 1721 sub-

165 1735 302 1775 diuidi
321 1739 490 1785 poterit,
511 1743 658 1785 vtpote
679 1737 902 1780 Millenas‚
927 1748 1120 1784 moxque
1287 1725 1338 1769 Α

163 1789 415 1836 videndum,
432 1796 539 1839 quot
551 1802 706 1830 earum
717 1791 1035 1839 particularum
1047 1790 1120 1828 ad-

163 1843 342 1892 impleat
361 1844 440 1889 AI,
463 1844 518 1883 fic
541 1847 660 1883 enim
683 1847 729 1882 in
751 1844 903 1892 ijsdem
925 1844 1121 1892 partibus

164 1895 296 1936 Latus
311 1897 378 1936 AI
394 1898 578 1937 dabitur.
596 1898 677 1936 Per
693 1897 964 1945 consequens
980 1899 1119 1945 igitur,
1341 1918 1371 1957 Ι

163 1961 186 1988 e
201 1949 544 2000 Triangulorum
564 1952 803 2000 planorum
819 1951 986 1999 legibus
1001 1957 1118 1998 pate-

162 2002 233 2042 scit
247 2005 408 2053 Angul.
425 2005 550 2050 ACI,
571 2005 824 2044 Parallaxin
845 2004 1069 2052 quaefitam
1092 2006 1137 2041 in
1159 2003 1233 2042 illa
1252 2003 1485 2042 Stellarum
1506 2003 1593 2042 visa
1615 2004 1811 2042 distantia

162 2057 453 2103 manifestans,
478 2064 690 2107 perpetuo
714 2071 740 2097 a
763 2070 868 2096 vera
890 2058 1215 2105 intercapedine
1239 2057 1589 2099 subtrahendam.
1617 2069 1669 2095 eo
1693 2058 1810 2105 quod

163 2109 329 2150 Oculus
349 2112 405 2151 ad
426 2112 444 2151 1
464 2112 637 2160 pontus,
659 2112 758 2160 plus
779 2111 957 2159 ampliet
974 2113 1141 2149 Arcum
1163 2110 1254 2153 BC,
1277 2111 1495 2148 cernendo
1517 2111 1626 2148 duas
1644 2111 1809 2153 Stellas.

162 2174 296 2212 quam
306 2165 336 2203 fi
347 2167 393 2204 in
404 2167 445 2203 A
457 2166 564 2211 esset,
581 2165 672 2214 ipso
684 2167 826 2203 Arcus
843 2164 1098 2203 meditullio.
1117 2164 1274 2211 Sicque
1291 2164 1345 2202 ad
1363 2163 1550 2211 singulos
1566 2166 1696 2202 totius
1709 2164 1809 2202 Sex-

161 2220 289 2256 tantis
299 2219 472 2267 gradus,
484 2219 657 2258 Tabula
668 2218 960 2257 diuerfitatem
973 2216 1181 2265 Aspec‘tus
1194 2217 1467 2255 Instrumenti
1480 2218 1691 2265 praebens.
1709 2229 1808 2255 con-

160 2269 346 2311 formata
358 2272 425 2317 est,
437 2284 582 2321 neque
595 2275 728 2311 etiam
741 2273 795 2311 ab
805 2284 893 2310 vno
903 2274 948 2310 in
959 2272 1144 2310 alterum
1155 2272 1339 2320 gradum
1349 2271 1589 2309 Parallaxis
1598 2283 1808 2319 magnum

161 2323 216 2362 est
231 2324 470 2365 discrimen.
492 2327 544 2365 Et
559 2326 589 2365 fi
605 2326 850 2374 scrupulose
867 2325 1121 2369 admodum,
1144 2337 1236 2363 rem
1253 2327 1411 2372 exequi
1428 2324 1606 2367 luberet,
1630 2336 1807 2372 propor-

159 2378 378 2418 tionaliter
394 2379 469 2418 ista
484 2379 777 2419 differentiola
793 2379 1074 2418 limitabatur.
1093 2376 1106 2429 ΙΙ

75 2435 138 2469 343
212 2432 358 2480 Atque
369 2432 454 2472 hoc
465 2434 600 2472 modo
612 2433 978 2472 exorbitationem
989 2433 1124 2475 illam,
1142 2444 1230 2480 qua
1243 2431 1410 2470 Oculus
1422 2433 1466 2469 in
1480 2431 1643 2470 Centro
1656 2431 1807 2469 Instru-

159 2487 293 2524 menti
308 2497 400 2525 non
416 2487 765 2531 constituebatur,
782 2487 1132 2529 emendauimus.
1150 2492 1194 2524 vt
1209 2485 1307 2524 satis
1324 2492 1451 2526 ratas,
1465 2485 1502 2522 8(
1516 2485 1653 2523 Radio
1666 2484 1805 2522 Astro-

159 2540 334 2578 nomico
349 2539 478 2589 longe
494 2539 735 2580 exactiores
752 2540 979 2588 largiretur
996 2540 1079 2578 hoc
1093 2539 1430 2578 Instrumentum
1447 2538 1804 2628 intercapeglines.

1499 2594 1661 2629 Anima
1696 2593 1803 2628 uerti
