2164 3246
31 922 62 949 1⁰

31 1197 61 1224 1⁵

389 213 1047 255 PROGYMNASMATUM
1069 217 1271 256 PRIMA
1294 219 1443 258 PARS
1675 223 1741 260 143

96 321 147 361 38
171 320 418 365 Graduum‚
444 319 563 358 addit
588 321 612 358 5
638 320 749 358 Min.
776 321 831 360 Vt
855 321 901 360 sit
923 322 1117 371 Tempus
1140 324 1305 363 Verum
1331 327 1488 364 mediae
1514 328 1741 376 Eclypseos

97 379 320 423 aequatum
339 373 378 412 8(
399 372 627 412 reductum
648 374 798 422 Pragae
815 375 1129 421 Bohemorum,
1151 378 1220 416 vel
1240 381 1285 416 in
1306 380 1394 417 alio
1416 380 1624 419 confimili
1647 382 1740 420 Me-

96 428 265 468 ridiano
280 426 374 465 Post
390 426 502 465 Mer.
520 427 605 465 diei
621 427 684 465 29.
703 427 761 466 H.
779 428 814 466 7.
832 428 868 466 Ο.
887 427 912 477 l.
929 430 992 468 57.
1012 428 1054 478 ll.

239 524 320 564 DE
339 524 620 564 TEMPORE
641 525 806 564 INITII
828 526 901 564 ET
921 527 1071 566 FINIS
1093 528 1359 568 ECLYPSIS
1381 529 1417 568 &
1438 530 1597 569 TOTA

735 588 1103 628 DURATIONE.

170 650 205 690 B
220 649 310 699 ipso
321 649 539 698 Tempore
555 650 703 688 medio
720 650 773 688 fic
790 653 982 695 invento,
999 652 1274 691 subtrahatur
1285 652 1477 701 Tempus
1493 656 1739 694 incidentiae

203 705 324 752 prius
339 708 522 751 reperta,
540 702 579 740 &
594 704 756 751 patebit
772 706 945 742 initium
962 706 998 743 5.
1012 705 1070 743 H.
1084 706 1136 744 13.
1152 705 1176 753 l.
1190 707 1225 744 7.
1240 705 1282 754 ll.
1300 707 1455 745 additis
1472 719 1575 745 vero
1592 709 1739 747 iisdem

95 757 150 797 ad
170 757 254 796 hoc
275 757 485 801 medium,
508 755 609 794 finis
632 757 764 795 exibit
786 757 822 796 8.
841 758 899 796 H.
921 758 983 797 48.
1003 757 1028 806 l.
1049 759 1112 797 47.
1131 758 1174 807 ll.
1200 759 1480 799 Coacervatis
1503 767 1649 799 autem
1673 762 1739 800 his

95 810 276 855 duobus,
293 815 383 849 tota
398 810 572 848 duratio
588 810 762 858 patescit
778 811 813 849 3.
833 811 943 849 Hor.
961 812 1023 850 35.
1042 810 1067 860 l.
1085 812 1147 850 40.
1167 811 1209 860 ll.

538 908 650 947 PRO
672 908 825 948 TYPO
847 908 1096 948 ECLIPSIS
1118 910 1297 948 LVNAE.

186 970 334 1010 ERUS
349 976 496 1009 motus
508 970 621 1009 Solis
633 971 975 1019 correspondens
986 971 1194 1020 Tempori
1206 973 1453 1011 incidentiae
1466 973 1520 1011 est
1532 975 1567 1011 4.
1582 973 1606 1021 l.
1620 974 1681 1012 35.
1697 974 1739 1022 ll.

185 1023 256 1063 hic
276 1024 449 1063 additus
469 1023 682 1072 scrupulis
702 1025 965 1068 incidentiae,
988 1025 1200 1064 constituit
1217 1027 1475 1064 Latitudinis
1492 1027 1668 1065 Motum
1684 1028 1744 1065 di-

95 1077 241 1117 midiae
256 1078 479 1116 durationi
495 1083 809 1126 congruentem
826 1079 853 1116 l.
866 1078 909 1116 P.
924 1078 960 1116 O.
975 1077 1000 1127 l.
1013 1079 1076 1117 23.
1091 1077 1134 1127 ll.
1153 1079 1239 1117 Hic
1251 1079 1513 1118 subtrahitur
1525 1080 1563 1118 &
1575 1081 1747 1119 additur

94 1142 198 1170 vero
219 1131 480 1170 Latitudinis
501 1133 641 1170 motui
662 1131 718 1170 ad
739 1131 934 1180 Tempus
954 1143 1071 1170 verae
1096 1130 1140 1181 (ξ)
1163 1133 1199 1171 5.
1218 1133 1256 1171 S.
1276 1133 1339 1171 23.
1356 1133 1398 1171 Ρ.
1420 1133 1482 1171 58.
1502 1132 1526 1181 l.
1544 1134 1606 1171 50.
1625 1133 1685 1182 [μ
1709 1134 1746 1171 8(

96 1184 280 1234 prodibit
299 1189 445 1223 motus
466 1185 728 1223 Latitudinis
748 1197 879 1223 verus
900 1185 955 1223 ad
976 1188 1150 1223 initium
1173 1186 1358 1234 Eclypfis
1379 1187 1414 1224 5.
1433 1186 1472 1225 S.
1494 1187 1556 1224 22.
1575 1187 1616 1224 P.
1638 1187 1700 1225 58.
1720 1186 1744 1234 l.

95 1238 157 1278 27.
175 1236 218 1288 ll.
240 1238 326 1277 Cui
346 1240 551 1277 convenit
572 1239 777 1277 Latitudo
798 1239 938 1277 Lunae
958 1239 1021 1277 36.
1041 1238 1066 1287 l.
1084 1239 1146 1277 27.
1166 1238 1209 1287 ll.
1232 1240 1329 1277 Bor.
1353 1240 1497 1277 Motui
1514 1252 1617 1277 vero
1635 1240 1745 1278 Lati-

95 1291 255 1331 tudinis
277 1292 333 1330 ad
355 1291 492 1330 finem
512 1292 548 1331 5.
567 1291 607 1331 S.
624 1292 687 1330 24.
705 1292 748 1330 P.
768 1293 831 1331 59.
850 1291 876 1341 Ι.
894 1292 947 1330 13.
966 1291 1010 1340 ll.
1032 1295 1235 1340 competit
1257 1293 1458 1331 Latitudo
1480 1293 1617 1331 Lunae
1638 1294 1699 1331 26.
1720 1293 1744 1341 l.

95 1345 132 1384 2.
145 1343 188 1394 ll.
205 1345 252 1384 Β.
265 1345 500 1384 Dividatur
511 1347 601 1384 iam
613 1345 731 1384 linea
743 1346 950 1393 quaedam
963 1347 1003 1383 A
1012 1346 1045 1383 B
1058 1348 1103 1383 in
1115 1346 1166 1384 70
1177 1352 1332 1393 partes,
1348 1346 1385 1384 &
1401 1348 1446 1383 in
1459 1358 1510 1384 ea
1522 1346 1746 1384 sumantur

95 1400 264 1438 minuta
279 1400 496 1447 aggregati
511 1398 938 1437 semidiametrorum
954 1399 1120 1437 vmbrae
1138 1399 1175 1437 &
1193 1400 1343 1443 Lunae,
1366 1399 1746 1447 describanturque

97 1463 150 1491 ex
165 1451 329 1491 Centro
346 1452 384 1491 C
400 1452 588 1491 circulus
606 1452 697 1491 CE.
720 1452 842 1491 Idem
858 1452 934 1490 fiat
950 1464 1051 1490 cum
1067 1452 1388 1491 semidiametro
1405 1453 1593 1495 Vmbrae.
1612 1452 1745 1500 fitque

97 1505 298 1545 Circulus
309 1505 414 1550 CD;
431 1504 561 1544 ducta
577 1518 755 1554 quoque
770 1506 816 1544 fit
828 1506 1039 1544 diameter
1051 1506 1364 1544 Transversalis
1377 1506 1438 1544 IC
1448 1506 1492 1543 E.
1512 1506 1745 1544 Intervallo

96 1558 334 1598 latitudinis
345 1559 486 1598 Lunae
497 1571 615 1598 verae
627 1560 683 1598 ad
694 1561 869 1598 initium
882 1559 1069 1608 Eclypfis
1082 1565 1234 1607 agatur
1249 1560 1365 1597 linea
1379 1559 1590 1606 parallela
1604 1560 1658 1597 ad
1674 1559 1744 1603 IE,

96 1611 191 1652 haec
197 1614 459 1651 exteriorem
466 1613 679 1651 circulum
686 1615 732 1651 in
740 1613 772 1651 F
779 1613 947 1651 secabit.
956 1613 1226 1651 Numeretur
1235 1613 1391 1651 deinde
1400 1613 1601 1654 Latitudo
1608 1613 1745 1650 Lunae

97 1666 152 1705 ad
161 1665 297 1705 finem
306 1665 455 1705 versus
466 1666 496 1711 Ι,
514 1666 552 1705 8(
568 1666 754 1705 ducatur
769 1666 986 1705 Parallela
1002 1667 1058 1704 ad
1074 1666 1145 1709 IE,
1164 1678 1263 1713 quae
1281 1666 1470 1704 eundem
1487 1668 1745 1703 exteriorem

29 1729 63 1756 2⁵
98 1719 307 1758 circulum
317 1721 364 1758 in
376 1719 419 1759 G
431 1720 635 1759 transibit.
654 1719 985 1759 Connectantur
997 1719 1039 1758 G
1053 1719 1090 1757 &
1103 1720 1134 1757 F
1150 1719 1276 1763 recta,
1294 1731 1393 1766 quae
1410 1721 1455 1756 in
1468 1719 1512 1756 H
1525 1718 1744 1761 bisecetur,

96 1784 259 1822 perque
281 1772 418 1812 FHG
440 1779 526 1812 tres
549 1773 748 1812 Lunares
772 1773 933 1816 circuli.
957 1775 1003 1811 in
1025 1773 1353 1811 semidiametris
1377 1774 1470 1810 eius
1491 1771 1744 1818 Quantitate

97 1828 369 1872 circinentur,
385 1826 528 1875 ficque
545 1839 650 1866 vera
666 1828 765 1866 idea
781 1827 914 1865 huius
931 1826 1108 1874 deliquij
1128 1826 1515 1874 repraesentabitur.

1459 2557 1737 2596 ALTERVM
