2248 3298
97 947 128 974 10

97 1216 128 1242 15

459 242 1119 281 PROGYMNASMATUM
1142 243 1347 281 PRIMA
1368 244 1519 282 PARS
1776 245 1817 282 19

218 350 297 388 Per
313 350 402 388 alia
417 351 564 397 itaque
576 349 674 387 loca
685 349 986 388 Solstitialibus
999 349 1036 386 8(
1048 349 1446 396 AEquinoctialibus
1459 349 1693 393 interiecta,
1712 363 1815 398 qua-

164 404 223 443 lia
242 403 338 442 sunt
358 403 517 441 mediae
538 409 682 450 partes
704 407 744 447 *ὅ
766 402 804 440 8(
826 404 883 447 Q,
905 414 1006 440 cum
1023 402 1420 449 AEquinoctialibus
1442 404 1675 442 collatione
1692 403 1816 447 faeta,

164 459 349 505 Apogaei
367 456 404 494 8(
421 457 770 500 Eccentricitatis,
788 455 1166 504 inuestigationem
1183 457 1495 504 aggrediemur.

227 574 576 629 SEQUITUR
598 574 839 619 PRAXIS
862 574 1294 628 INQUIRENDI
1315 575 1690 620 APOGAEUM
1712 576 1755 620 8(

609 642 1182 682 ECCENTRICITATEM
1205 643 1376 681 SOLIS.

249 725 292 763 X
311 724 560 773 ingressibus
576 723 802 762 Solaribus
821 725 867 761 in
883 729 1066 770 vti-aque
1083 722 1428 770 AEquinodtialia
1444 722 1606 770 punc‘ta
1622 724 1817 772 superius

263 778 492 822 denotatis,
509 777 724 825 colligitur
736 776 885 815 Solem
896 776 950 815 ab
963 775 1247 824 AEquinod'tio
1259 788 1408 821 verno,
1421 777 1552 824 vsque
1570 779 1614 814 in
1632 778 1818 815 alterum

163 832 434 876 autumnale,
451 831 534 869 hac
549 830 810 879 tempestate,
829 829 1044 868 conficere
1061 829 1169 868 Dies
1186 830 1266 868 186.
1285 830 1343 868 H.
1357 830 1432 873 18⁷3,
1450 842 1476 868 a
1492 829 1653 878 punc‘to
1671 837 1818 869 autem

163 886 345 930 vernali,
361 885 494 933 vsque
510 885 567 923 ad
582 884 780 923 medium
796 887 854 929 ὅ,
872 883 946 922 seu
961 889 1131 931 partem
1147 885 1242 921 eius
1259 884 1522 931 completam
1538 885 1590 927 15,
1609 884 1818 922 adinueni

163 939 341 979 tranfire
358 939 466 977 Dies
477 938 540 977 46.
554 938 613 977 H.
626 938 662 976 2.
676 937 739 976 M.
753 938 816 976 55.
835 937 903 976 Sic
918 939 1051 976 etiam
1063 949 1090 975 a
1101 938 1142 975 15
1153 944 1275 984 parte
1292 937 1365 975 seu
1381 938 1612 975 medietate
1632 939 1668 982 Q
1687 937 1818 985 vsque

164 996 210 1033 in
225 991 559 1041 AEquinoc'tium
574 991 833 1031 autumnale
850 990 1017 1030 absolui
1033 991 1141 1028 Dies
1157 991 1220 1029 46.
1239 991 1297 1028 H.
1315 991 1350 1029 9.
1369 991 1432 1028 M.
1450 991 1513 1033 40,
1531 991 1817 1038 quemadmo-

164 1048 270 1087 dum
285 1046 382 1085 haec
398 1046 566 1094 aliquot
582 1047 802 1084 continuis
818 1047 960 1089 annis,
978 1056 1070 1082 non
1085 1046 1248 1082 minori
1265 1056 1400 1091 quam
1414 1047 1459 1082 in
1471 1044 1567 1092 ipfis
1579 1044 1817 1092 AEquinoc-

162 1103 232 1140 tiis
247 1100 508 1139 denotandis
524 1099 719 1138 adhibita
737 1099 960 1147 diligentia
977 1097 1014 1136 &
1031 1097 1425 1145 circumspectione,
1443 1098 1669 1145 explorata
1686 1098 1816 1136 habe-

163 1166 274 1194 mus.
297 1154 362 1192 Ex
383 1153 452 1192 his
473 1165 578 1192 vero
602 1153 725 1197 datis,
746 1154 934 1200 Apogaei
955 1158 995 1190 et
1016 1152 1354 1190 Eccentricitatis
1376 1151 1539 1190 Solaris
1561 1151 1818 1199 exquisitam

164 1207 492 1252 dimenfionem,
509 1209 556 1245 in
571 1206 691 1245 hunc
707 1208 784 1254 qui
799 1206 991 1254 sequitur
1006 1205 1203 1249 modum,
1221 1208 1507 1253 inquiremus.

217 1261 279 1301 Sit
291 1263 485 1310 primum
499 1263 545 1299 in
559 1260 755 1308 sequenti
764 1260 1044 1308 Figuratione
1054 1259 1183 1297 Orbis
1193 1259 1265 1296 isse
1276 1259 1330 1297 ad
1338 1259 1520 1297 Terram
1531 1259 1817 1303 Eccentricus,

164 1327 298 1364 quem
309 1315 384 1354 Sol
395 1326 548 1353 annuo
564 1316 718 1352 itinere
736 1313 988 1361 aequalique
1005 1311 1138 1351 ductu
1154 1312 1355 1360 designat,
1371 1312 1561 1355 THLO.
1580 1314 1704 1350 cuius
1721 1324 1817 1350 cen-

163 1375 278 1408 trum
291 1369 338 1414 Z,
349 1368 487 1407 Terra
497 1380 603 1407 vero
614 1367 703 1406 fiue
716 1367 932 1406 Centrum
942 1366 1132 1404 vniuerfi
1143 1372 1338 1404 moretur
1350 1368 1471 1404 iuxta
1484 1366 1529 1409 E,
1547 1366 1818 1413 ducaturque

164 1434 241 1472 per
251 1422 348 1461 haec
359 1422 461 1467 duo,
478 1422 597 1460 linea
613 1421 743 1459 HZE
752 1420 804 1465 O,
823 1423 901 1459 erit
912 1422 1060 1468 itaque
1073 1421 1322 1468 Apogaeum
1335 1419 1447 1458 Solis
1459 1419 1532 1457 seu
1544 1420 1819 1457 remotissima

164 1488 192 1516 a
205 1476 351 1515 Terris
367 1475 566 1514 distantia
581 1486 718 1523 prope
735 1475 794 1519 H,
811 1476 1015 1522 proxima
1031 1485 1135 1511 vero
1152 1473 1239 1511 siue
1256 1473 1500 1521 Perigaeum
1516 1473 1571 1511 ad
1585 1473 1636 1511 O.
1655 1473 1792 1510 Linea
1805 1469 1818 1522 ΙΙ

163 1542 269 1569 vero
289 1530 366 1568 ZE
385 1531 561 1568 metitur
580 1528 718 1577 ipsam
739 1529 1126 1572 Eccentricitatem‚
1148 1527 1236 1565 siue
1257 1527 1502 1565 distantiam
1522 1526 1671 1564 Centri
1689 1526 1819 1564 Orbis

164 1583 328 1624 Solaris
344 1595 372 1622 a
387 1583 552 1622 Centro
569 1582 744 1627 Mundi,
766 1593 867 1630 quae
884 1582 973 1620 duo
991 1583 1211 1628 inquirere
1229 1583 1404 1619 animus
1422 1580 1488 1625 est,
1508 1580 1626 1628 quod
1642 1586 1685 1617 vt
1703 1591 1818 1618 com-

164 1643 360 1686 petenter
375 1636 452 1676 fiat
466 1636 564 1675 haec
579 1638 701 1684 prius
718 1635 966 1674 ordinanda
981 1637 1177 1673 veniunt.

217 1691 418 1730 Ducatur
437 1690 557 1729 linea
573 1689 646 1729 LT
665 1701 742 1738 per
763 1695 962 1727 centrum
978 1688 1126 1726 Terrae
1144 1688 1190 1731 E,
1213 1688 1373 1726 cadens
1394 1689 1528 1735 priori
1546 1686 1638 1725 ΗΟ
1657 1687 1712 1725 ad
1729 1688 1818 1724 An-

165 1745 290 1794 gulos
300 1744 624 1793 propemodum
635 1742 790 1787 renos
807 1742 1084 1781 manifestum
1100 1742 1311 1789 siquidem
1324 1741 1390 1785 est,
1409 1741 1526 1788 quod
1539 1739 1819 1788 AEquinoffla

165 1799 292 1838 nobis
311 1797 420 1837 fiant
438 1800 485 1836 in
505 1798 540 1836 L
556 1797 594 1836 8(
609 1797 657 1842 T,
679 1809 730 1836 ac
751 1798 966 1845 quonjam
985 1798 1128 1834 maior
1149 1795 1204 1833 est
1220 1796 1361 1833 Arcus
1379 1794 1509 1832 LHT
1530 1805 1664 1841 quam
1681 1793 1818 1835 TOL,

166 1852 326 1891 idcirco
337 1851 412 1891 Sol
423 1858 605 1900 apparet
620 1851 784 1890 diutius
799 1852 1064 1889 commorari
1076 1852 1122 1887 in
1134 1848 1417 1887 Semicirculo
1431 1848 1600 1889 Boraeo.
1614 1847 1760 1885 versus
1773 1847 1818 1884 H

166 1905 239 1944 vbi
248 1906 499 1954 Apogaeum
515 1905 582 1949 est,
600 1916 736 1953 quam
751 1906 798 1942 in
814 1904 951 1943 altero
964 1903 1169 1941 Austrino
1182 1904 1295 1940 circa
1308 1902 1346 1940 O
1360 1902 1615 1949 Perigaeum.
1633 1900 1694 1939 Sit
1710 1912 1818 1948 prae-

166 1965 285 1998 terea
299 1961 346 1998 in
361 1958 445 1997 hac
460 1958 551 2007 ipsa
566 1959 858 2007 Figuratione,
881 1957 921 2004 Q
940 1959 1142 1995 introitus
1159 1956 1270 1994 Solis
1287 1958 1332 1993 in
1349 1956 1545 1993 medium
1562 1954 1818 1992 Dodecatae-

166 2014 292 2062 morij
315 2015 374 2058 8,
391 2024 418 2051 a
433 2024 522 2061 quo
538 2012 636 2051 loco
652 2012 837 2050 ducatur
853 2011 971 2049 linea
987 2022 1063 2058 per
1080 2010 1113 2048 E
1131 2012 1176 2047 in
1192 2009 1234 2053 P,
1258 2021 1358 2056 quae
1375 2008 1419 2046 fit
1437 2008 1569 2055 QEP.
1592 2006 1818 2045 connecta—

165 2071 323 2115 turque
339 2063 355 2117 11
370 2066 414 2111 Ρ,
436 2078 537 2105 cum
557 2066 738 2114 ingressu
754 2063 1069 2113 AEquinofflali
1090 2075 1227 2101 verno
1249 2063 1303 2100 ad
1325 2062 1373 2105 T,
1397 2074 1473 2109 per
1494 2062 1658 2099 lineam
1679 2060 1759 2103 PT,
1783 2060 1819 2098 &

166 2126 379 2168 praeterea
394 2119 450 2158 ab
466 2120 623 2158 eodem
639 2119 682 2163 Ρ,
700 2119 885 2157 ducatur
901 2116 1275 2165 perpendicularis
1291 2115 1437 2154 versus
1455 2115 1538 2157 LT,
1556 2126 1656 2162 quae
1673 2114 1718 2151 fit
1735 2114 1818 2151 PR.

166 2172 387 2212 Trahatur
403 2173 579 2221 insuper
595 2185 622 2211 a
637 2173 671 2211 Z
689 2178 837 2211 centro
854 2172 1093 2210 Eccentrici
1109 2173 1155 2208 in
1172 2169 1213 2216 Q
1229 2170 1507 2207 medietatem
1529 2172 1569 2212 ,ἵ
1591 2168 1709 2205 linea
1726 2167 1819 2213 ZQ.

166 2227 433 2275 tandemque
450 2239 477 2265 a
492 2227 527 2265 Z
543 2229 589 2265 in
605 2226 700 2273 EQ.
717 2224 1092 2274 perpendicularis
1109 2223 1199 2261 ZV.
1220 2223 1309 2261 Erit
1326 2225 1472 2269 itaque
1490 2224 1535 2259 in
1552 2221 1634 2259 hac
1652 2220 1819 2268 dispofi-

166 2282 285 2319 tione
300 2280 504 2329 Angulus
521 2280 669 2327 HEQ,
687 2279 886 2318 distantia
901 2279 1087 2326 Apogaei
1105 2289 1130 2316 a
1146 2277 1378 2315 medietate
1396 2276 1514 2323 Signi
1534 2283 1588 2319 »5,
1608 2275 1645 2312 8(
1662 2274 1819 2312 Eccen-

166 2335 328 2372 tricitas
343 2333 433 2382 ipsa
449 2334 541 2372 ZE:
563 2345 664 2381 quae
681 2333 770 2371 duo
787 2344 810 2371 e
827 2333 938 2371 datis
955 2331 1201 2379 aequalibus
1219 2330 1410 2368 motibus
1431 2328 1754 2366 interstitiorum
1776 2329 1820 2365 in

167 2389 338 2426 tramite
354 2387 496 2426 Solari
517 2388 811 2431 assumtorum‚
833 2385 1120 2434 peruestigare
1142 2384 1421 2424 intendimus.
1444 2383 1574 2429 idque
1596 2381 1678 2419 hac
1696 2392 1819 2428 argu—

168 2443 450 2480 mentationis
465 2440 687 2479 methodo.

221 2493 430 2537 Primum.
452 2496 557 2542 quia
577 2500 732 2532 notum
753 2492 808 2531 est
829 2499 1001 2539 tempus
1022 2492 1076 2529 ab
1098 2491 1277 2538 ingressu
1299 2492 1344 2527 in
1363 2495 1423 2530 V.
1440 2489 1572 2535 vsque
1591 2490 1635 2525 in
1653 2488 1820 2525 medias

99 2553 133 2579 ⁴⁰
168 2553 312 2595 partes
332 2550 390 2592 δ’,
413 2548 600 2586 Dierum
616 2547 679 2585 46.
697 2547 756 2584 H.
773 2546 809 2584 2.
830 2545 854 2591 l.
872 2546 935 2587 55,
958 2544 1163 2582 constabit
1187 2546 1318 2581 etiam
1339 2542 1517 2589 simplex
1534 2548 1679 2579 motus
1696 2540 1818 2578 Solis

275 2609 291 2635 3
1718 2594 1819 2630 huic
