2243 3225
390 188 466 225 460
787 180 1303 220 ANNOTATIONES
1324 177 1627 217 EDITORIS

434 291 482 321 ad
500 299 533 329 p.
547 289 605 320 421
616 288 662 329 .³⁶]
680 287 849 319 Iofranci
861 286 1000 317 Offusii
1013 284 1200 316 Germani
1215 283 1441 315 Philomatis
1452 282 1515 313 De
1527 281 1666 313 divina
1677 280 1892 313 Astrorum
1910 281 2033 314 facul-

392 344 469 374 tate
490 342 529 373 in
550 342 746 372 larvatam
769 338 1029 378 astrologiam
1052 338 1216 379 (Parisiis
1241 337 1337 378 1570)
1358 336 1423 368 fol.
1445 336 1500 367 3‘:
1525 335 1677 367 »Solem
1698 344 1722 366 a
1740 335 1873 367 Terrae
1896 338 2032 367 centro

389 396 517 436 posuit
536 402 714 426 summus
731 392 871 432 Opifex
892 401 961 432 per
981 392 1196 422 diametros
1217 390 1393 422 eiusdem
1410 389 1486 427 576,
1508 388 1662 420 numeri
1682 388 1797 420 huius
1812 388 1926 420 radix
1942 397 2034 429 qua-

390 450 501 480 drata
522 450 579 478 est
598 447 651 477 24.
674 446 803 477 Voluit
824 446 853 476 8(
874 445 1004 476 Solem
1024 444 1243 484 Apogaeum
1264 452 1287 474 a
1307 451 1349 474 se
1370 442 1540 482 Perigaeo
1562 441 1722 473 differre
1742 441 2033 474 dimetientibus

388 502 416 532 T
419 510 518 532 errae
538 500 591 537 49,
613 499 722 531 cuius
743 499 854 530 radix
875 499 905 533 7,
927 498 965 528 id
986 500 1044 528 est
1066 506 1088 528 a
1109 497 1222 528 nobis
1242 497 1428 528 recedere
1449 495 1627 535 permisit
1644 504 1714 535 per
1729 495 1945 527 diametros
1960 495 2032 534 242

388 554 629 592 totidemque
651 552 852 583 accedere.
877 550 1095 582 Numerum
1112 550 1221 581 illum
1237 549 1302 581 576
1318 549 1530 580 diuinitatis
1547 549 1750 588 quandam
1767 548 1980 588 imaginem
1996 548 2034 580 in

389 615 429 638 se
441 607 587 638 habere
600 605 794 641 fatebitur,
808 613 887 635 non
898 604 1073 643 quisque,
1086 606 1125 634 at
1136 603 1243 634 solus
1253 611 1386 634 rerum
1397 602 1727 634 admirandarum
1736 601 2033 642 peruestigator,

390 659 514 699 qualis
535 659 564 689 8(
584 658 782 689 maximus
802 658 864 688 ille
882 657 942 688 vir
956 657 1172 697 (Platonem
1187 656 1294 697 volo)
1315 656 1377 687 cui
1398 664 1545 687 nornen
1566 663 1723 695 quoque
1744 655 1899 686 diuinus
1914 654 2034 686 Philo-

389 712 547 752 sophus,
571 712 602 742 is
624 712 662 742 in
682 711 829 742 Timaeo
851 719 1080 749 quanquam
1101 709 1178 740 hoc
1202 709 1250 740 de
1273 717 1440 740 numero
1464 711 1555 749 agat
1577 708 1684 746 satiS,
1707 711 1843 739 tamen
1865 707 1929 740 hic
1951 707 2035 740 eius

389 765 622 796 sententiam
646 764 831 795 breuibus
854 763 1028 794 indicare
1052 765 1320 802 opportunum
1343 770 1444 793 reor.
1470 762 1513 792 In
1537 761 1689 793 Natura
1711 770 1792 793 non
1812 763 1902 793 sunt
1920 761 2034 802 plura

390 827 509 857 quam
531 818 699 857 quinque
723 817 915 857 regularia
940 824 1122 856 corpora,
1147 824 1318 855 quorum
1340 815 1491 855 singula
1514 817 1645 846 certos
1666 814 1882 855 triangulos
1905 814 2035 847 ortho-

390 879 511 911 gonos
528 871 749 907 admittunt,
766 870 805 900 hi
821 870 935 901 simul
952 869 1098 909 sumpti
1111 871 1344 900 construunt
1355 877 1567 900 numerum
1581 868 1837 905 antedictum,
1854 867 2035 900 videlicet

388 924 416 954 T
419 923 656 955 etrahedron
676 923 796 954 habet
815 923 869 957 24,
895 922 1163 954 Hexahedron
1183 921 1237 959 24,
1263 921 1520 953 Octohedron
1539 921 1593 958 48,
1618 920 1939 953 Dodecahedron
1957 921 2033 959 360,

390 980 427 1008 et
444 976 710 1008 Icosahedron
729 976 801 1013 120,
818 985 976 1007 summa
992 974 1088 1006 576«
1115 995 1120 996 ν
1147 994 1151 996 ἡ
1176 974 1341 1015 Respicit
1357 975 1526 1006 Platonis
1547 974 1743 1006 Timaeum
1760 983 1824 1015 pp.
1841 974 1921 1006 53C
1936 983 2033 1015 sqq„

390 1030 455 1061 ubi
476 1030 645 1069 quinque
666 1029 978 1069 polyhedrorum
996 1028 1235 1069 regularium
1254 1028 1378 1059 latera
1395 1028 1433 1059 in
1448 1028 1643 1068 triangula
1660 1028 1903 1068 rectiangula
1918 1027 2036 1059 dividi

391 1091 505 1122 posse
521 1083 854 1119 demonstrantur,
871 1082 942 1114 etsi
958 1083 1064 1113 nulla
1080 1082 1131 1113 ibi
1148 1081 1302 1112 numeri
1318 1081 1382 1112 576
1399 1081 1546 1113 mentio
1563 1081 1617 1113 fit.
1636 1081 1690 1112 Cf.
1705 1081 1862 1118 MartIn,
1880 1071 2036 1113 Etudes

390 1143 464 1166 sur
476 1136 514 1166 le
536 1134 672 1166 Timee
690 1135 740 1166 de
756 1135 900 1166 Platon
918 1135 950 1166 11
967 1144 1030 1175 pp.
1048 1134 1234 1166 234—250.

436 1189 485 1219 ad
506 1197 541 1228 p.
563 1188 678 1230 422,⁴2]
701 1188 940 1228 Copernicus
959 1187 1035 1229 (De
1056 1188 1225 1219 revolut.
1249 1187 1300 1218 IV
1320 1187 1362 1218 20
1382 1197 1418 1228 p.
1440 1187 1505 1219 283
1526 1188 1586 1220 ed.
1608 1188 1744 1229 seeul.)
1766 1187 1898 1220 Solem
1917 1187 2036 1220 Terra

392 1242 585 1282 majorem
602 1250 686 1273 esse
703 1241 756 1273 ait
772 1241 948 1281 partibus
967 1241 1057 1277 1613,
1075 1241 1096 1272 i.
1110 1249 1142 1272 e.
1161 1241 1270 1283 [5}{]³.
1289 1241 1524 1273 Ptolemaeus
1541 1244 1674 1273 autem
1685 1240 1860 1283 (Synt.V
1874 1241 1914 1273 16
1924 1250 1960 1282 p.
1972 1240 2037 1273 427

394 1294 575 1335 Heiberg)
584 1295 744 1326 Terram
756 1294 827 1329 39³..
841 1295 971 1326 Solem
984 1294 1088 1328 6644}
1100 1294 1277 1334 partibus
1288 1294 1400 1326 Luna
1411 1295 1606 1336 majorem
1616 1303 1702 1326 esse
1712 1295 1777 1332 ait,
1789 1294 1894 1327 unde
1905 1294 2036 1327 Solem

393 1356 514 1387 prope
533 1347 593 1378 170
610 1348 765 1389 [rectius
785 1347 897 1389 16920]
914 1348 1090 1388 partibus
1105 1348 1225 1379 Terra
1241 1348 1437 1388 majorem
1454 1356 1540 1380 esse
1557 1347 1764 1380 efficiatur.

437 1401 486 1431 ad
503 1410 537 1440 p.
554 1401 670 1442 423‚⁴2]
687 1402 920 1432 Ptolemaeus
936 1401 1131 1432 rationem
1148 1401 1215 1432 dat
1230 1401 1346 1437 6644ὲ,
1365 1401 1605 1441 Copernicus
1620 1401 1718 1433 6937.

438 1454 486 1484 ad
503 1463 537 1493 p.
555 1454 934 1495 424‚³1]P1anetarum
958 1455 1240 1494 stellarumque
1263 1454 1436 1486 fixarum
1460 1455 1749 1487 diametrorum
1773 1463 1961 1487 mensura
1985 1454 2038 1486 ita

393 1507 476 1538 fieri
492 1507 655 1544 solebat,
673 1510 713 1538 ut
730 1507 976 1538 armillarum
993 1507 1125 1539 radius
1137 1508 1297 1540 visualis
1309 1517 1412 1540 nune
1425 1508 1476 1539 ad
1487 1517 1703 1545 summum,
1721 1516 1824 1540 nunc
1837 1508 1888 1540 ad
1899 1508 2036 1546 imum,

394 1560 498 1599 quod
515 1560 732 1595 videbatur,
750 1561 919 1600 planetae
935 1561 996 1592 vel
1013 1562 1136 1592 stellae
1154 1561 1260 1593 orbis
1276 1564 1469 1602 punctum
1486 1562 1779 1594 admoveretur.

437 1613 487 1644 ad
504 1622 538 1653 p.
556 1613 663 1655 4220]
688 1614 823 1653 Tycho
845 1614 950 1653 quod
969 1614 1062 1645 dicit
1081 1615 1340 1654 »Antiquitus«
1359 1616 1421 1647 vel
1441 1615 1657 1652 »Veteres«,
1679 1615 1826 1656 cogitat
1841 1614 1890 1646 de
1905 1613 2040 1646 Arabi-

394 1667 476 1703 bus,
494 1666 705 1706 Alfragano
721 1671 822 1707 (cap.
836 1667 939 1698 XXII
956 1676 1019 1707 pp.
1033 1667 1075 1698 84
1089 1676 1145 1707 sq.
1160 1668 1308 1706 Golius)
1324 1671 1362 1700 et
1377 1669 1608 1710 Albategnio
1625 1670 1726 1709 (cap.
1740 1668 1772 1699 L
1788 1676 1851 1709 pp.
1867 1666 2038 1699 120—123

395 1718 571 1757 Nallinol.
589 1720 823 1752 Ptolemaeus
840 1721 1033 1752 ambitum
1051 1722 1300 1760 planetarum
1317 1722 1518 1753 aestimare
1535 1725 1702 1754 conatus
1718 1729 1798 1753 non
1813 1723 1882 1754 est.

438 1773 486 1803 ad
509 1781 542 1812 p.
559 1772 676 1815 428‚10]
701 1773 851 1804 Medias
875 1775 1125 1814 planetarum
1147 1784 1170 1806 a
1191 1774 1280 1806 Sole
1303 1775 1508 1807 distantias
1531 1775 1694 1807 easdem
1715 1774 1796 1806 fere
1817 1774 1952 1806 statuit
1971 1774 2038 1806 Co-

394 1825 585 1864 pernicus.
613 1835 702 1865 quae
727 1831 943 1866 sequuntur
965 1836 985 1858 e
1009 1828 1172 1866 ratione,
1199 1837 1319 1868 quam
1346 1829 1445 1860 inter
1465 1828 1621 1860 radium
1641 1828 1948 1870 uniuscujusque
1964 1826 2040 1869 epi-

393 1878 492 1917 cycli
517 1879 728 1919 circulique
751 1880 961 1911 deferentis
984 1881 1139 1912 radium
1162 1882 1398 1914 Ptolemaeus
1421 1883 1554 1914 valere
1576 1885 1699 1922 putat.
1727 1881 1883 1913 Saturni
1906 1883 2038 1913 autem

393 1931 618 1963 distantiam
642 1932 727 1963 9³⁷0
750 1933 926 1973 partibus
948 1934 1079 1966 Terrae
1103 1935 1287 1966 distantia
1311 1944 1333 1966 a
1357 1935 1446 1966 Sole
1470 1935 1664 1976 majorem
1690 1943 1776 1967 esse
1801 1933 2040 1967 existimavit

392 1983 467 2021 (De
489 1985 655 2017 revolat.
668 1986 699 2016 V
716 1986 736 2017 9
756 1996 791 2026 p.
809 1986 867 2018 341
890 1987 948 2018 ed.
966 1988 1116 2025 secum:
1139 1988 1188 2019 ef.
1211 1997 1246 2028 p.
1268 1988 1384 2023 42839.
1409 1988 1512 2020 Inter
1532 1989 1709 2021 calculos
1723 1988 1923 2028 Tychonis
1942 1987 2040 2020 varii

394 2041 547 2068 exstant
559 2042 725 2071 conatus
737 2041 932 2071 elementa
945 2041 1084 2072 orbitae
1095 2041 1250 2072 Saturni
1261 2042 1497 2082 corrigendi:
1511 2050 1681 2082 quorum
1694 2042 1731 2073 in
1743 2045 1880 2074 nostro
1888 2039 2039 2074 tornoV

393 2091 608 2129 specimina
625 2093 909 2124 exhibebimus.

438 2144 486 2174 ad
508 2153 542 2183 p.
560 2144 676 2187 428,³⁵]
701 2146 907 2177 Tractatus
929 2147 1003 2181 hic.
1028 2147 1179 2179 Nicolai
1200 2149 1431 2189 Coppernici
1453 2148 1514 2180 De
1536 2147 1839 2189 hypothesibus
1859 2148 2037 2181 motuum

393 2197 619 2228 coelestium
638 2207 660 2228 a
678 2206 724 2229 se
742 2199 973 2230 constitutis
989 2201 1351 2233 commentariolus
1368 2211 1488 2234 manu
1505 2206 1661 2234 tantum
1676 2202 1845 2243 scriptus
1861 2202 1960 2234 inter
1974 2200 2041 2234 ho·

395 2250 518 2280 rnines
535 2250 673 2282 doctos
690 2253 933 2284 versabatur.
953 2254 1101 2285 Primus
1119 2255 1261 2294 publici
1274 2255 1372 2295 juris
1388 2255 1481 2287 fecit
1494 2255 1544 2287 M.
1559 2254 2039 2295 Curtze(Mitthe1·1ungen

395 2302 469 2332 des
494 2301 968 2342 Coppernicus-Vereins
992 2316 1042 2337 zu
1070 2307 1201 2339 Thotn
1225 2308 1320 2340 fasc.
1342 2310 1352 2339 l
1381 2309 1538 2350 [Lipsiae
1565 2308 1675 2351 18781)
1697 2317 1718 2340 e
1741 2309 1880 2341 codice
1899 2308 2041 2340 vindo-

398 2355 557 2386 bonensi
580 2358 642 2388 lat.
666 2358 779 2393 10530.
803 2360 866 2398 qui
888 2360 938 2390 ita
961 2361 1133 2400 signatus
1154 2366 1227 2392 est:
1254 2362 1467 2394 »Dominus
1487 2361 1538 2393 M.
1556 2362 1817 2394 Christiernus
1833 2361 2040 2394 Seuennus

399 2408 747 2446 Longomontanus
772 2413 921 2451 reliquit
946 2414 1075 2444 amico
1099 2423 1170 2445 suo
1196 2414 1358 2446 Iohanni
1385 2416 1567 2447 Ericksen
1592 2412 1822 2454 μνημόσινον
1845 2414 2039 2447 Benacma

399 2461 663 2494 Bohemorum
685 2464 813 2505 181ulij
833 2466 1037 2497 discedens
1050 2469 1162 2498 Anno
1183 2468 1297 2499 1600«.
1317 2469 1430 2500 Aliud
1448 2477 1543 2500 vero
1560 2469 1786 2509 exemplum
1805 2469 1841 2500 in
1858 2468 2041 2501 observa·
