2164 3246
409 227 1069 268 PROGYMNASMATUM
1091 230 1295 268 PRIMA
1317 230 1468 269 PARS
1700 231 1768 269 281

28 345 91 378 273
201 336 244 374 N
265 338 393 384 igitur
413 335 562 378 habes,
584 335 896 382 exoptatissima
913 335 951 373 &
967 342 1088 383 grata
1110 337 1186 383 (vti
1201 336 1340 384 spero)
1359 337 1595 381 Posteritas,
1618 337 1768 376 Stella-

63 565 79 590 5

51 831 81 857 10

51 1098 81 1124 15

50 1632 82 1658 25

65 2107 85 2139 ›1-

224 401 323 428 rum
343 388 606 432 Affixarum‚
633 390 836 426 omnium
857 390 1192 436 propemodum,
1219 401 1320 437 quae
1344 392 1389 428 in
1412 390 1555 428 nostro
1580 390 1768 429 Climate

116 443 451 491 conspiciuntur,
472 441 711 489 praesertim
727 453 815 489 quo
832 442 888 480 ad
904 445 1150 490 praecipuas
1167 443 1204 481 &
1221 450 1374 481 notatu
1392 444 1623 492 digniores,
1646 450 1768 491 quot-

116 502 221 545 quot
241 495 453 535 had'tenus
470 495 767 533 Instrumentis
783 495 948 539 nostris,
969 496 1081 534 nulli
1101 496 1287 535 fallaciae
1304 497 1520 545 obnoxijs,
1543 498 1701 545 assequi
1721 498 1768 535 li·

116 552 214 595 cuit,
230 550 589 588 accuratissimam
605 548 931 593 restitutionem,
949 551 1062 588 intra
1073 552 1272 597 proxime
1286 550 1480 598 elapsum
1492 551 1768 593 decennium,

114 604 185 642 vel
200 615 253 641 eo
270 603 472 651 amplius,
488 602 782 650 plurimarum
798 601 993 640 noc‘tium
1009 603 1178 652 vigilijs,
1200 603 1401 641 indefesso
1418 604 1590 642 Calculi
1606 604 1768 647 labore,

116 657 155 695 &
176 656 379 704 impenfis
402 658 525 694 omni
547 655 832 693 aestimatione
856 656 1110 700 maioribus,
1133 657 1312 695 tandem
1333 657 1614 701 exantlatam‚
1638 664 1769 705 atque

116 713 162 749 in
170 710 395 758 publicum
404 709 528 747 vsum
538 711 861 753 concinnatam,
871 710 1036 757 tibique
1046 710 1207 748 harum
1217 710 1400 758 cupidae,
1413 710 1594 753 liberali,
1607 711 1768 758 amplo,

116 763 155 802 &
169 765 353 812 perenni
368 774 566 807 munere,
583 762 892 801 consecratam.
910 762 1024 809 Quae
1036 769 1097 801 tot
1110 766 1198 801 iam
1214 763 1378 807 seculis,
1396 764 1497 801 inde
1515 764 1568 802 ab
1586 766 1769 811 antiquo

117 817 192 856 illo
209 816 482 865 Hipparcho,
504 815 657 863 elapsis
678 815 766 854 huc
781 815 913 863 vsque
930 819 1059 854 annis
1076 819 1241 855 circiter
1263 817 1369 861 1700,
1392 829 1418 855 a
1439 819 1628 861 nemine,
1651 818 1769 865 quod

116 871 254 915 scitur,
275 870 383 909 iusta
403 872 573 908 ratione
589 869 645 908 ad
661 869 946 917 praestitutum
962 870 1140 918 scopum
1156 876 1287 909 antea
1303 870 1527 909 elaborata
1544 870 1610 908 est.
1632 871 1769 908 Ptole-

116 935 257 963 maeus
273 925 392 962 enim
409 922 658 971 Hipparchi
673 922 888 967 successor,
910 923 1185 962 solummodo
1207 926 1532 971 promotionem
1549 924 1769 968 Fixamm,

116 979 303 1026 tempori
318 979 430 1015 inter
444 976 486 1015 se
500 976 539 1015 &
552 976 865 1024 Hipparchum
882 976 1039 1024 elapso,
1057 983 1388 1025 competentem,
1406 977 1580 1025 singulis
1597 978 1768 1016 adiecit:

117 1031 344 1070 reseruatis
360 1030 471 1069 alias
486 1032 533 1068 in
549 1030 756 1068 omnibus
772 1030 1083 1077 Hipparchicis
1104 1030 1615 1069 commensurationibus.
1638 1031 1770 1078 Quod

118 1084 156 1123 &
175 1084 265 1133 post
285 1084 411 1122 illum
430 1084 719 1132 Albategnius
741 1086 904 1131 pariter
926 1083 1036 1122 fecit.
1061 1084 1217 1132 Ingens
1241 1095 1418 1131 quoque
1442 1084 1514 1122 ille
1537 1084 1770 1132 superioris

117 1138 221 1176 AEui
236 1149 385 1176 rerum
396 1137 805 1175 Astronomicarum
821 1137 1056 1185 castigator,
1074 1137 1360 1185 Copernicus,
1379 1137 1716 1185 Hipparchiana
1733 1137 1770 1175 &

117 1191 383 1230 Ptolemaica
400 1190 636 1230 Stellarum
654 1191 951 1229 Inerrantium
969 1190 1253 1238 descriptione
1272 1196 1514 1235 contentus,
1531 1191 1769 1238 AEquinoc-

116 1247 278 1284 tiorum
300 1246 662 1293 anticipationem
683 1243 760 1282 suo
782 1244 977 1292 quodam
997 1244 1131 1282 modo
1152 1244 1452 1282 vniuersaliter
1472 1244 1540 1282 his
1561 1245 1769 1282 attribuit:

117 1304 209 1337 vtut
230 1298 385 1347 procul
407 1298 542 1336 dubio
565 1310 657 1336 non
677 1300 869 1346 ignarus,
895 1297 1016 1336 haud
1041 1309 1183 1345 pauca
1206 1300 1252 1335 in
1275 1309 1429 1336 earum
1454 1296 1606 1336 exacto
1633 1297 1670 1335 &
1696 1297 1771 1345 ipsi

119 1352 248 1391 Coelo
268 1352 632 1399 correspondente
652 1351 803 1399 positu,
827 1351 915 1389 siue
936 1353 1041 1389 vitio
1062 1353 1209 1389 minus
1231 1351 1420 1389 elimatae
1442 1351 1771 1389 Obseruationis

117 1406 338 1450 Veterum,
354 1405 443 1444 fiue
458 1405 816 1453 transcriptorum
832 1407 1015 1449 incuria,
1037 1411 1112 1443 aut
1131 1411 1243 1442 certe
1259 1410 1442 1452 vtraque
1459 1404 1511 1442 de
1529 1405 1679 1448 caussa,
1701 1405 1770 1442 de-

118 1459 303 1498 fiderari.
327 1459 467 1504 Adde,
492 1458 611 1507 quod
633 1461 748 1497 intra
770 1458 935 1497 sextam
957 1458 1265 1496 tantummodo
1288 1457 1465 1496 Gradus
1488 1464 1656 1505 partem
1680 1458 1771 1505 (op-

117 1512 301 1552 tandum
321 1512 528 1560 equidem
547 1518 591 1550 vt
611 1512 665 1550 fic
685 1517 850 1550 metam
869 1511 1134 1560 propositam
1154 1511 1252 1549 satis
1273 1511 1464 1559 appofite
1483 1511 1708 1549 collimare
1725 1511 1771 1548 li—

119 1566 248 1613 ceret)
269 1578 346 1614 per
365 1566 532 1614 lingula
548 1566 748 1604 videlicet
768 1565 884 1604 dena
900 1565 1091 1609 Minuta,
1113 1577 1267 1603 earum
1287 1565 1384 1603 loca
1405 1576 1493 1612 quo
1515 1565 1570 1603 ad
1590 1565 1772 1612 longum

119 1619 157 1658 &
176 1619 315 1658 latum
335 1620 390 1658 ab
407 1619 669 1668 Hipparcho
690 1619 941 1657 mensurata
961 1619 1051 1656 sint.
1072 1619 1229 1656 Vtrum
1245 1620 1460 1656 maiorem
1477 1620 1522 1656 in
1538 1617 1606 1656 his
1622 1620 1771 1666 praeci-

118 1673 282 1712 fionem
297 1673 674 1721 superuacaneam
690 1673 877 1711 duxerit:
900 1684 959 1710 an
974 1684 1079 1710 vero
1097 1672 1391 1720 organorum,
1413 1672 1572 1721 quibus
1588 1671 1685 1709 vsus
1704 1671 1771 1714 est,

119 1726 299 1766 exilitati
314 1726 399 1765 hoc
415 1727 726 1775 imputandum
737 1728 898 1770 veniat,
915 1726 1159 1774 ambigitur.
1178 1725 1280 1772 Qua
1291 1731 1440 1763 tamen
1451 1725 1639 1773 grossiori
1651 1725 1771 1763 inda-

118 1782 216 1829 gine
233 1786 405 1829 captata
420 1782 742 1825 numeratione,
764 1791 920 1818 omnes
937 1781 1031 1817 eius
1047 1779 1309 1822 successores‚
1331 1779 1386 1816 ad
1407 1778 1503 1816 haec
1520 1778 1651 1826 vsque
1667 1785 1771 1816 tem-

119 1845 239 1882 pora,
265 1836 458 1872 contenti
481 1833 675 1878 fuerunt:
702 1835 833 1872 nimis
858 1833 1004 1871 secure
1030 1832 1307 1880 negligentes,
1334 1832 1452 1879 quod
1479 1831 1771 1875 Planetarum,

120 1886 249 1926 Coelo
265 1888 520 1926 adamussim
541 1887 766 1936 analogas,
787 1888 1018 1930 motiones,
1040 1886 1127 1924 fine
1144 1885 1395 1923 Affixarum
1410 1885 1551 1923 subtili
1568 1885 1606 1923 &
1623 1887 1771 1932 exqui-

119 1940 194 1979 fita
204 1939 515 1980 reclificatione
528 1941 783 1989 (praesertim
795 1952 962 1983 earum,
980 1951 1080 1987 quae
1093 1941 1207 1977 circa
1218 1939 1473 1981 Zodiacum,
1491 1938 1772 1976 Planetarum

120 1994 318 2039 orbitam,
339 1994 580 2041 versantur)
602 1994 891 2043 peruestigare
912 1995 1086 2031 inuium
1107 1992 1266 2030 existat.
1288 1992 1420 2039 Quod
1442 1991 1480 2029 &
1501 1992 1586 2039 ipse
1609 1992 1771 2039 Coper-

120 2049 256 2093 nicuS‚
281 2049 337 2087 ad
361 2048 654 2087 Astronomiae
679 2048 862 2086 solidam
886 2046 1246 2085 instaurationem
1271 2048 1417 2083 minus
1443 2045 1702 2083 sufficienter
1727 2047 1772 2082 in

120 2107 324 2150 promptu
345 2103 435 2147 esse,
457 2101 716 2150 conquestus
737 2101 808 2139 est:
830 2106 959 2148 prout
980 2100 1033 2138 de
1052 2111 1105 2138 eo
1122 2099 1326 2137 Rheticus
1342 2101 1388 2137 in
1404 2099 1598 2146 quadam
1614 2098 1772 2136 Praefa-

120 2156 238 2194 tione
253 2161 482 2194 memorat.
504 2155 637 2194 Hanc
653 2157 793 2203 igitur,
814 2160 908 2192 tum
925 2153 979 2192 ab
996 2153 1099 2201 ipso,
1120 2159 1213 2191 tum
1234 2152 1439 2190 omnibus
1456 2152 1553 2200 alijs
1569 2152 1772 2189 Astrono·

121 2210 222 2247 miae
244 2209 486 2257 penetralia
509 2209 771 2257 profundius
793 2207 1200 2255 introspicientibus,
1225 2206 1299 2244 diu
1322 2206 1599 2253 multumque
1623 2205 1773 2243 frustra

121 2261 405 2301 desideratam
426 2263 721 2301 Inerrantium
742 2261 957 2305 Siderum,
979 2263 1024 2298 in
1045 2260 1135 2308 ipso
1157 2260 1348 2302 Minuto,
1372 2266 1462 2297 tam
1484 2261 1597 2297 circa
1618 2259 1773 2306 Longi·

121 2315 331 2361 tudinem,
353 2328 488 2364 quam
505 2316 815 2359 Latitudinem,
831 2313 1058 2362 praecisam
1074 2314 1498 2355 determinationem,
1518 2313 1677 2350 harum
1694 2313 1774 2349 Ar-

121 2369 231 2407 tium
251 2369 502 2413 cultoribus,
524 2381 604 2408 nec
626 2369 827 2407 inutilem
843 2380 923 2406 nec
940 2370 1156 2416 ingratam
1172 2366 1264 2404 fore
1282 2365 1468 2404 confido.
1491 2366 1535 2404 Si
1552 2377 1652 2413 quae
1669 2377 1773 2403 vero

54 2431 88 2458 4ο
123 2421 267 2460 adhuc
281 2422 488 2471 superfint
503 2425 550 2461 in
566 2422 709 2461 nostro
722 2422 968 2460 Horizonte
985 2419 1263 2469 aspectabiles
1281 2420 1398 2467 (quae
1413 2419 1513 2457 sane
1528 2430 1773 2466 perpaucae,

123 2486 202 2514 nec
218 2476 357 2514 oculis
373 2477 615 2515 admodum
631 2481 829 2524 patentes
850 2475 994 2521 erunt)
1017 2486 1091 2512 eas
1112 2485 1266 2511 omnes
1287 2475 1429 2521 prima
1450 2474 1772 2520 opportunitate

123 2527 332 2616 [υρρέξτα
353 2529 531 2568 fauente
548 2529 804 2568 Coelestium
821 2528 1003 2576 opifice,
1025 2527 1063 2566 &
1084 2527 1358 2575 postmodum
1375 2525 1772 2617 ΑΠτοΠῖἳιιξέξΞὲὲ-
