2164 3246
60 584 75 610 5

403 194 1064 233 PROGYMNASMATUM
1086 195 1290 232 PRIMA
1312 194 1463 233 PARS
1697 194 1764 232 185

168 373 246 412 EX
266 372 821 411 ANIMADUERSIONE
842 310 997 409 AXIIIH1
1019 372 1126 415 1587,
1149 372 1269 410 DIEI
1290 372 1341 410 24
1363 371 1651 417 IANUARIJ,
1674 371 1711 409 &

322 435 477 473 ANNI
498 434 606 479 1588,
627 434 678 473 26
700 433 992 473 OCTOBRIS
1013 434 1168 472 IDEM
1190 434 1550 477 EXPLORARE,

691 496 755 534 IN
775 495 964 534 ALTIT.
990 498 1033 541 Θ
1058 497 1117 536 171
1143 497 1185 534 Ρ.

185 568 319 607 NNO
342 568 450 613 1587,
474 568 559 606 Die
579 568 630 606 24
652 567 844 616 Ianuarij
868 567 911 605 P.
934 567 997 605 M.
1020 568 1131 605 Hor.
1153 568 1189 605 0.
1211 567 1275 605 M.
1298 568 1350 611 15,
1375 568 1684 606 inueniebatur
1705 568 1765 605 di-

226 622 379 660 stantia
395 621 508 660 Solis
524 622 562 660 8(
579 621 763 659 Veneris
781 621 824 658 P.
842 621 905 659 37.
924 619 949 669 l.
967 622 1026 665 53,
1048 623 1094 659 in
1110 621 1353 659 Altitudine
1374 623 1417 665 G>
1438 621 1479 659 P.
1499 622 1573 660 175.
1595 625 1621 664 Q
1641 622 1683 659 P.
1701 621 1764 659 30.

29 684 84 717 181
111 676 213 714 Erat
239 681 342 714 tunc
367 672 634 725 Tem-ssporis
660 686 713 713 ex
740 674 1057 713 Obseruatione
1086 674 1230 712 Decli-

46 851 76 877 10

47 1117 76 1143 15

45 1651 78 1677 25

52 2450 85 2476 40

111 731 231 768 natio
242 729 427 767 Veneris
438 734 546 776 part.
559 728 595 766 Ο.
608 730 713 766 min.
726 728 777 766 25
790 728 944 766 Borea.
963 728 1105 766 Locus
1118 728 1231 766 Solis
1477 687 1531 749 Α

111 788 217 832 part.
230 783 284 820 14.
299 781 324 831 l.
337 783 391 821 17.
405 780 449 830 ll.
462 782 486 820 2
502 792 561 820 xx.
578 781 749 820 Arcens.
763 780 894 820 Reaa
909 787 1017 829 part.
1032 781 1113 820 316.
1128 780 1229 829 s.46.

113 834 156 885 ll.
164 836 217 874 14.
231 835 481 874 Declinatio
491 835 684 874 eiusdem
693 840 800 883 part.
809 835 863 873 16.
873 837 979 873 min.
988 835 1057 874 36³2
1071 835 1229 873 Merid.

111 901 246 938 quam
263 891 310 927 in
328 888 412 928 hac
429 889 588 938 Figura
604 889 783 927 denotat
799 889 888 933 BE,
911 900 1012 926 cum
1029 889 1063 926 B
1080 888 1126 926 fit
1143 888 1229 927 Sol.

112 943 318 982 CVenus.
331 943 465 981 Latus
477 943 568 987 BA,
581 943 624 980 P.
637 943 717 981 106.
732 941 757 990 l.
768 942 853 987 3612,
866 942 1014 980 addita
1026 942 1230 980 Declina-

110 998 229 1035 tione
243 996 356 1035 Solis
372 996 428 1035 ad
443 996 495 1035 90
510 1008 569 1044 gr.
587 996 721 1034 Latus
733 995 827 1040 CA,
845 995 888 1034 P.
900 995 964 1034 89.
979 994 1004 1043 l.
1016 996 1080 1040 35,
1099 995 1231 1034 Com-

111 1050 382 1099 plementum
399 1050 720 1088 Declinationis
739 1053 781 1093 Ω.
799 1049 933 1087 Latus
950 1049 1030 1088 BC
1046 1055 1154 1097 part.
1167 1049 1230 1087 37.

113 1102 139 1153 Ι.
155 1104 214 1149 5>Ξ,
236 1103 451 1142 Distantia
474 1105 518 1149 Θ
543 1103 581 1141 8(
605 1106 646 1147 ς).
669 1103 819 1150 Quare
842 1102 880 1140 8(
900 1102 972 1141 hic
993 1103 1130 1141 tribus
1151 1103 1231 1141 La-

111 1156 273 1196 teribus
288 1159 335 1195 in
350 1156 591 1205 Triangulo
603 1156 723 1195 ABC
740 1158 934 1205 cognitis,
951 1168 1043 1194 non
1059 1159 1230 1204 ignora-

111 1210 226 1249 bitur
239 1210 444 1259 Angulus
460 1211 593 1255 ΒΑΕ,
610 1216 718 1258 part.
730 1210 794 1249 33.
813 1209 839 1259 l.
851 1210 915 1248 26.
927 1208 971 1258 ll.
984 1211 1020 1255 5,
1038 1212 1114 1257 qui
1130 1222 1231 1248 cum

112 1264 369 1303 determinet
384 1263 679 1302 differentiam
692 1263 1047 1302 Ascenfionalem
1064 1263 1177 1302 Solis
1194 1263 1232 1301 8(

111 1317 306 1362 Veneris,
330 1317 517 1356 addatur
536 1317 789 1356 Ascenfioni
813 1316 955 1356 Rectae
979 1317 1104 1361 Solis,
1129 1329 1231 1355 eua—

113 1371 270 1419 detque
292 1371 495 1410 Ascenfio
519 1370 650 1410 Recta
672 1371 856 1410 Veneris
879 1377 987 1419 part.
1011 1371 1101 1410 350.
1127 1370 1152 1419 s.
1178 1371 1231 1408 12.

1256 1331 1394 1429 sc„

114 1423 334 1517 ll'1139cic1em
350 1478 435 1517 Die
452 1478 495 1517 Ρ.
513 1478 576 1517 M.
595 1478 706 1517 Hor.
723 1479 760 1517 5.
778 1479 842 1517 M.
860 1479 914 1522 15,
932 1478 1111 1517 distabat
1132 1481 1158 1521 Q
1177 1478 1232 1516 ab
1422 1395 1711 1520 *-

113 1531 202 1580 ipsa
211 1531 376 1570 Lucida
385 1538 446 1577 V,
455 1538 564 1580 part.
574 1532 637 1570 40.
650 1530 755 1580 1463
769 1544 846 1580 per
854 1532 1231 1576 obseruationem,
1715 1501 1762 1553 B

113 1587 158 1623 in
173 1585 416 1624 Altitudine
432 1586 618 1624 Veneris
637 1592 745 1634 part.
763 1586 848 1625 23-32
871 1586 1121 1624 Declinatio
1143 1587 1236 1623 eius
1258 1585 1333 1623 sub
1352 1585 1468 1623 idem
1484 1584 1678 1632 Tempus
1695 1584 1767 1622 ob-

113 1638 282 1678 seruata
296 1638 376 1677 fuit
392 1639 435 1677 P.
452 1639 488 1678 O.
508 1638 533 1688 l.
550 1640 624 1679 29}
641 1640 796 1678 Borea.
814 1639 1065 1677 Declinatio
1083 1645 1232 1677 autem
1249 1639 1426 1677 Lucidae
1446 1645 1506 1683 V,
1524 1639 1566 1676 P.
1584 1638 1637 1676 21.
1657 1637 1682 1686 l.
1695 1638 1764 1677 281

115 1692 266 1731 Borea.
292 1692 347 1731 Vt
371 1695 500 1741 igitur
527 1693 810 1742 cognoscatur
834 1693 1054 1741 Vtriusque
1081 1692 1327 1731 differentia
1351 1692 1682 1735 Ascenfionalis,
1709 1693 1769 1729 ita

114 1745 452 1794 procedendum.
1497 1771 1543 1820 A

167 1799 229 1838 Sit
250 1801 296 1837 in
319 1798 403 1839 hac
425 1801 630 1848 assignata
652 1800 933 1849 Figuratione
954 1800 988 1838 B
1005 1800 1169 1837 Venus.
1196 1799 1233 1837 C

116 1852 279 1892 Lucida
292 1859 352 1894 V.
370 1853 504 1892 Latus
520 1854 616 1899 BA,
633 1854 676 1892 P.
693 1854 756 1893 89.
776 1852 801 1902 l.
818 1854 904 1897 301,
923 1853 1233 1900 Complemen-

115 1911 208 1944 tum
223 1906 439 1945 Declinat.
453 1907 650 1946 Veneris.
668 1908 753 1946 CA
770 1913 877 1955 part.
891 1907 954 1945 68.
969 1905 981 1955 Ι
987 1938 994 1944 .
1007 1907 1083 1951 311,
1102 1906 1233 1944 Com-

116 1959 318 2007 plement.
343 1960 513 1999 Declin.
538 1961 716 1999 Lucidae
742 1967 802 2002 V.
830 1961 963 1999 Latus
987 1960 1079 2003 BC,
1103 1960 1146 1997 P.
1171 1960 1233 1998 40.

119 2010 144 2061 Ι.
160 2013 244 2058 461,
265 2015 546 2062 intercapedo
562 2014 795 2062 vtriusque.
813 2014 939 2052 Vnde
956 2013 1235 2061 Triangulari

117 2066 328 2105 beneficio
346 2068 479 2106 euasit
495 2068 699 2116 Angulus
716 2068 856 2112 ΒΑΕ,
878 2068 921 2105 Ρ.
938 2067 1001 2105 36.
1020 2065 1046 2115 l.
1063 2068 1118 2105 51.
1137 2065 1180 2115 ll.
1198 2067 1234 2110 0,

118 2121 192 2168 qui
219 2120 440 2160 mensurat
469 2121 763 2160 differentiam
788 2120 1063 2159 Ascenfionis
1094 2119 1235 2158 Redtae

118 2174 228 2212 inter
251 2174 471 2213 Venerem
497 2175 536 2213 8(
565 2175 778 2213 Lucidam
805 2181 851 2215 V
879 2173 1234 2221 compraehensae.
1297 2186 1343 2233 C

119 2225 405 2266 Interuallum
415 2228 647 2276 Temporis
663 2231 834 2276 vtrique
848 2228 1156 2267 Obseruationi
1172 2229 1235 2265 in-

118 2279 341 2319 terietstum
365 2281 445 2320 fuit
470 2282 581 2320 Hor.
603 2283 640 2321 5.
662 2282 726 2320 M.
748 2282 784 2320 0.
812 2282 965 2320 Motus
990 2293 1094 2319 vero
1121 2281 1235 2319 diur-
1708 2265 1745 2310 Β

118 2344 201 2372 nus
222 2334 406 2373 Veneris
429 2335 484 2374 ad
508 2336 800 2383 AEquatorem
824 2334 849 2384 l.
874 2336 959 2379 203,
986 2335 1038 2373 de
1063 2346 1151 2382 quo
1175 2334 1236 2372 isti

118 2385 346 2435 Temporis
366 2389 602 2428 interuallo
623 2395 875 2437 competunt
896 2387 921 2436 l.
939 2389 974 2426 4.
997 2387 1040 2436 ll.
1058 2388 1121 2431 20,
1143 2390 1235 2435 qui·
1274 2413 1321 2456 D

118 2438 199 2478 bus
209 2440 461 2480 Ascenfioni
472 2441 615 2481 Rec‘tae
626 2443 811 2481 Veneris
828 2455 854 2481 a
874 2444 917 2487 O
937 2441 1150 2489 inquifitae
1163 2441 1236 2479 ad·
1716 2410 1765 2453 E

119 2491 504 2581 ieffis2⁴12roducitur
515 2496 684 2535 Ascens.
697 2497 807 2535 Ven.
824 2497 880 2535 ad
896 2496 980 2534 hoc
992 2500 1269 2533 momentum
1281 2494 1501 2542 posterius.
1520 2494 1561 2530 P.
1575 2491 1691 2591 350l.ll
1698 2492 1759 2582 ,313
