2243 3225
414 198 490 236 386
786 189 1240 231 ASTRONOMIAE
1261 187 1683 227 INSTAURATAE

413 303 541 339 lineae
558 300 643 337 illic
664 299 703 336 se
725 297 1039 339 intersecantes‚
1061 301 1191 342 atque
1209 295 1364 332 deinde
1381 293 1513 340 Vsque
1529 296 1575 331 in
1592 292 1809 332 octauam
1826 293 2056 342 Sphaeram

414 353 709 401 digredientes,
731 362 830 398 quae
851 350 930 387 fint
950 347 1091 398 NGss,
1112 347 1233 397 AGn
1252 347 1399 394 quoad
1420 346 1688 394 superiorem
1708 346 1845 391 fitum,
1867 347 1905 384 81
1926 346 2056 386 NH&

413 412 542 453 atque
567 405 714 448 AHZ,
745 402 1011 450 respiciendo
1041 401 1305 438 inferiorem.
1337 399 1574 446 Quadrans
1603 406 1752 438 autem
1778 400 1857 438 BC
1887 406 2056 448 partem

413 458 650 497 Meridiani
675 454 1068 503 Septentrionalem
1093 453 1251 491 Zenith
1277 453 1486 500 Capitum
1511 459 1642 500 atque
1668 453 1903 491 Horizonti
1927 455 2055 492 inter-

412 517 580 558 ceptam
605 509 744 553 refert,
770 511 815 546 in
842 519 929 555 quo
956 521 982 545 α
1007 507 1053 544 fit
1078 506 1209 544 Polus
1234 506 1408 549 Mundi,
1435 508 1549 543 circa
1574 517 1706 553 quem
1731 517 1886 544 omnes
1911 506 2056 545 Stellae
2094 521 2109 546 5

412 564 572 611 aequali
588 562 796 605 distantia,
813 567 935 598 motu
952 559 1151 602 vniuersi,
1168 565 1392 607 gyrantur;
1410 561 1577 606 eritque
1593 559 1656 597 illi
1671 561 1874 606 proxima
1889 559 2056 598 Polaris

412 617 543 656 Stella
563 618 795 653 minimum
817 613 1058 651 describens
1079 612 1307 650 Circulum
1328 623 1404 659 per
1425 625 1480 661 ργ
1500 611 1802 660 fignificatum;
1827 613 1931 650 Alia
1950 624 2056 651 vero

412 671 578 717 quaevis
599 668 722 706 fimul
743 678 877 715 quam
894 668 1093 713 proxime
1110 677 1211 703 cum
1228 665 1363 703 Noua
1379 665 1681 703 Meridianum
1699 666 1912 710 obtinens,
1933 666 2055 704 intel-

412 724 567 771 ligatur
579 721 797 769 defignare
810 722 922 758 circa
931 719 1088 757 Polum
1098 718 1326 756 Circulum
1336 718 1498 762 STVX,
1508 724 1654 765 vtpote
1663 719 1733 756 vel
1743 719 1890 767 Caput
1899 719 2056 758 Cassio·

412 788 518 824 peae,
536 775 604 813 vel
621 777 751 812 etiam
767 773 962 816 Schedir;
980 772 1073 819 Ipsa
1090 783 1193 809 vero
1211 771 1346 809 Noua
1358 771 1490 809 Stella
1506 772 1709 810 reuoluta
1725 774 1996 820 concipiatur
2011 774 2057 811 in
2098 787 2128 813 ιο

411 829 563 878 ηΥΖε,
585 826 881 866 constituendo
902 826 1020 873 quod
1041 827 1086 862 in
1104 824 1274 863 Oc’taua
1290 824 1474 872 Sphaera
1489 825 1682 872 vndique
1699 826 1928 873 aequaliter
1944 827 2058 864 circa

412 882 567 919 Polum
588 880 892 923 conuoluatur,
914 890 1036 916 more
1057 878 1246 916 aliarum
1263 877 1510 922 Stellarum,
1531 884 1662 926 atque
1684 879 1739 917 ob
1760 879 1803 917 id
1823 885 1914 917 tam
1929 879 2058 927 supra

413 946 548 982 quam
568 933 681 971 infra
700 932 928 980 aequaliter
948 932 1002 970 ab
1023 931 1108 969 illis
1128 931 1258 975 distet,
1280 931 1399 978 quod
1420 931 1458 968 &
1478 943 1635 970 reuera
1655 934 1714 970 ita
1734 931 1774 970 se
1790 931 1956 970 habuit.
1978 932 2056 970 Po·

413 987 558 1025 nendo
583 986 884 1030 nihilominus,
910 985 1028 1032 quod
1053 984 1181 1022 fuerit
1205 987 1251 1022 in
1277 984 1320 1023 G
1343 983 1381 1022 &
1404 984 1463 1029 H,
1489 984 1647 1023 distans
1671 985 1820 1024 saltem
1843 987 1870 1023 a
1893 985 2057 1024 Centro

412 1042 650 1088 quantitate
673 1039 759 1077 AG
784 1038 821 1076 &
844 1038 938 1076 AH
964 1038 1015 1076 52
1038 1034 1511 1088 Se-nmidiametrorum
1532 1037 1694 1082 Terrae,
1720 1041 1920 1086 proxime
1944 1038 2058 1077 infra
2081 1047 2145 1079 419

412 1094 550 1131 Lunae
572 1104 818 1130 concauum
840 1091 1015 1130 Orbem.
1039 1091 1151 1129 Dico
1172 1091 1290 1138 quod
1311 1102 1598 1138 nequaquam
1619 1092 1809 1130 eundem
1830 1092 2058 1130 Circulum

412 1146 744 1194 repraesentabit,
775 1144 1100 1191 confimilesque
1126 1144 1355 1191 vtrobique
1381 1145 1407 1181 a
1433 1144 1575 1183 Stellis
1604 1144 1730 1183 fimul
1755 1145 2058 1184 Meridianum

411 1199 730 1238 transeuntibus
752 1198 972 1236 distantias
996 1197 1163 1242 efficiet,
1190 1197 1436 1236 differentia
1459 1198 1677 1236 incidente
1700 1198 1942 1237 admodum
1964 1210 2058 1246 per-

413 1252 611 1300 ceptibili,
628 1258 671 1290 vt
688 1263 804 1289 nunc
820 1251 993 1299 patebit.

465 1306 658 1343 Primum
670 1307 715 1342 in
724 1304 964 1353 Triangulo
975 1304 1128 1348 MNA,
1142 1306 1216 1351 qui
1229 1304 1284 1342 est
1295 1315 1372 1351 per
1384 1303 1745 1343 construetionem
1755 1303 2058 1353 Rectangulus‚
2096 1319 2130 1345 20

412 1357 621 1406 producta
638 1358 835 1396 videlicet
851 1358 969 1396 linea
985 1357 1081 1395 HN
1098 1357 1230 1405 vsque
1247 1359 1292 1395 in
1309 1357 1373 1401 M,
1395 1358 1534 1395 donec
1551 1358 1639 1396 alia
1655 1370 1681 1396 a
1698 1357 1862 1397 Centro
1878 1358 1978 1396 AM
1996 1358 2059 1396 illi

414 1411 768 1459 Orthogonaliter
780 1416 988 1449 occurrat.
1006 1411 1131 1448 Alias
1143 1413 1261 1448 enim
1273 1411 1476 1458 Angulus
1493 1411 1548 1449 ad
1565 1411 1610 1449 H
1627 1423 1719 1449 non
1735 1418 1934 1460 prompte
1950 1411 2059 1450 soret

414 1464 827 1509 commensurabilis,
854 1476 954 1502 cum
976 1464 1241 1512 Triangulus
1264 1464 1409 1502 ANH
1433 1464 1691 1503 sufficientia
1714 1465 1962 1504 dedomena
1983 1476 2060 1513 per

412 1519 452 1556 se
474 1530 564 1556 non
585 1520 630 1555 in
650 1524 824 1565 promtu
843 1518 1015 1556 habeat.
1038 1517 1157 1564 Quia
1173 1519 1300 1565 igitur
1316 1519 1361 1555 in
1378 1517 1462 1556 hoc
1478 1530 1619 1565 paruo
1635 1517 1889 1566 Triangulo,
1909 1519 2060 1567 Angu—

412 1572 480 1609 lus
506 1571 654 1609 MNA
681 1571 1068 1619 Complementum
1093 1571 1349 1609 Altitudinis
1379 1571 1537 1615 Stellae,
1568 1573 1614 1609 in
1644 1574 1790 1610 citimo
1821 1572 2060 1610 Meridiani
2097 1586 2130 1611 25

413 1624 589 1662 transitu
611 1624 796 1668 exhibet,
819 1636 1007 1672 cumque
1024 1626 1118 1662 eius
1139 1624 1267 1671 supra
1283 1624 1577 1662 Horizontem
1594 1625 1806 1669 Eleuatio,
1828 1631 1931 1663 tunc
1947 1625 2060 1663 Her·

414 1678 619 1725 ritzwadij
644 1680 689 1715 in
712 1678 809 1715 loco
833 1678 987 1715 nostrae
1010 1677 1339 1716 Obseruationis
1363 1677 1648 1725 depraehensa
1670 1678 1716 1716 fit
1739 1685 1846 1726 part.
1863 1679 1926 1717 27.
1949 1677 1975 1726 Ι.
1997 1678 2059 1722 45.

414 1733 491 1769 erit
509 1731 894 1778 Complementum
916 1731 1023 1769 illud
1044 1730 1131 1768 fiue
1148 1731 1351 1779 Angulus
1368 1731 1531 1775 MNA,
1553 1738 1698 1779 vtpote
1719 1732 1904 1780 aequalis
1925 1731 2060 1770 FNH

414 1784 486 1822 fibi
503 1784 802 1831 contrapofito,
819 1790 926 1831 part.
944 1784 1006 1822 62.
1026 1783 1051 1831 Ι.
1069 1785 1121 1822 15.
1142 1785 1275 1822 Latus
1291 1790 1440 1822 autem
1457 1785 1548 1822 NA
1566 1784 1898 1824 Semidiameter
1912 1784 2061 1824 Terrae

416 1838 646 1875 assumatur
662 1837 731 1875 hic
748 1838 823 1875 esse
841 1838 1154 1885 particularum
1171 1837 1384 1880 10000000.
1401 1844 1444 1876 vt
1458 1850 1534 1885 per
1546 1841 1761 1877 maiorem
1772 1849 2062 1877 numerorum
2098 1851 2131 1878 30

416 1890 755 1928 distributionem
768 1891 944 1938 praecisa
956 1892 1115 1929 euadat
1127 1893 1188 1928 rei
1201 1891 1414 1938 inquifitae
1427 1894 1628 1939 cognitio,
1645 1894 1848 1940 prouenit
1859 1903 1936 1940 per
1948 1891 2061 1940 Ope-

417 1946 630 1981 rationem
647 1944 987 1991 Triangulorum
1007 1945 1244 1991 planorum
1261 1945 1372 1987 MA,
1395 1946 1637 1983 earundem
1658 1947 1849 1993 partium
1865 1945 2060 1984 8849876.

470 1997 641 2034 Deinde
658 1999 702 2034 in
718 1997 957 2045 Triangulo
975 1998 1126 2035 MHA
1147 2010 1199 2035 ex
1220 1999 1431 2044 praemissa
1452 1997 1766 2037 constructione
1784 1997 2061 2047 Reclangulo,

418 2050 487 2087 vbi
508 2050 726 2087 assumitur
748 2050 879 2088 Latus
901 2051 994 2088 HA
1017 2053 1041 2088 a
1064 2051 1228 2089 Centro
1249 2051 1397 2089 Terrae
1421 2053 1475 2090 ad
1499 2051 1652 2090 infima
1677 2052 1828 2095 Lunae,
1853 2052 2062 2091 Semidia-

418 2109 656 2140 metrorum
672 2103 734 2145 52,
752 2104 819 2141 vel
837 2104 1150 2151 particularum
1167 2105 1457 2143 consimilium
1473 2105 1722 2144 520000000.
1741 2105 1890 2152 Quare
1903 2117 2003 2144 cum
2017 2107 2062 2143 in
2099 2118 2132 2144 35

418 2156 654 2203 Triangulo
673 2155 937 2204 Rectangulo
958 2158 1046 2195 duo
1067 2160 1155 2195 iarn
1177 2158 1366 2196 constent
1384 2159 1552 2201 Latera,
1574 2159 1776 2207 Angulus
1797 2161 1891 2197 eius
1911 2161 1987 2206 qui
2008 2157 2063 2197 est

419 2211 537 2246 iuxta
556 2209 599 2246 H
618 2211 806 2256 ignorari
824 2213 972 2257 nequit
990 2218 1096 2257 part.
1113 2211 1148 2248 0.
1169 2210 1193 2258 l.
1212 2212 1273 2249 58.
1293 2210 1335 2259 ll.
1354 2212 1406 2249 31.
1426 2209 1440 2261 ΙΙ

472 2262 567 2299 Pari
590 2265 756 2300 ratione
779 2265 822 2300 in
844 2263 1043 2310 suprema
1065 2265 1307 2302 Altitudine
1329 2267 1450 2303 iuxta
1472 2265 1514 2303 G
1536 2265 1856 2304 confiderantes
1879 2265 1950 2303 hic
1970 2265 2062 2303 Tri·
2086 2270 2148 2304 420

419 2315 629 2361 angulum
648 2315 800 2357 NGA.
823 2328 953 2362 quem
976 2323 1016 2354 vt
1038 2325 1167 2355 antea
1189 2319 1435 2356 commodae
1453 2319 1734 2366 Operationis
1755 2319 1882 2358 causa
1899 2321 1944 2357 in
1962 2319 2062 2357 Rec-

419 2368 645 2414 tangulum
667 2369 1003 2411 conformemus,
1027 2370 1235 2417 produd'ta
1257 2372 1373 2409 linea
1391 2371 1483 2410 GN
1501 2375 1545 2409 in
1564 2372 1609 2413 R.
1631 2373 1770 2411 donec
1787 2373 1841 2411 ab
1858 2373 1898 2410 A
1915 2383 2062 2410 occur·
2099 2383 2132 2410 4ο

420 2427 482 2458 rat
500 2421 559 2457 illi
577 2422 946 2468 perpendicularis
964 2424 1056 2460 AR.

468 2473 520 2518 Jn
531 2473 767 2521 Triangulo
779 2477 923 2522 itaque
935 2477 1055 2513 ARN
1070 2475 1346 2525 Rectangulo,
1358 2481 1569 2525 quoniam
1581 2480 1707 2517 datur
1715 2479 1917 2527 Angulus
1927 2478 2062 2521 RNA.

2010 2543 2063 2570 ex
