2243 3225
371 201 450 238 238
749 193 1200 234 ASTRONOMIAE
1222 191 1643 231 INSTAURATAE

422 306 614 342 Primum
627 303 681 340 ad
692 302 884 348 Tempus
897 300 1224 338 Obseruationis
1236 297 1627 341 TIMOCHARIS,
1640 299 1854 345 quoniam
1864 299 1911 336 in
1922 297 2014 336 Tri-

370 358 530 405 angulo
547 355 664 393 BAC
677 356 835 392 dantur
847 354 935 391 duo
947 353 1115 393 Latera.
1132 363 1221 390 vna
1234 363 1334 389 cum
1345 351 1523 398 Angulo
1539 350 1595 388 ad
1606 351 1664 388 A:
1682 350 1737 388 est
1750 352 1869 388 enim
1880 351 2014 390 Latus

369 411 445 447 BA
470 409 665 447 distantia
688 407 895 445 Polorum
918 406 1034 443 illius
1057 407 1144 443 aeui
1167 410 1273 452 part.
1291 404 1354 442 23.
1378 402 1402 451 l.
1420 405 1496 443 51³³.
1521 403 1601 442 BC
1625 403 2014 452 Complementum

369 462 685 500 Declinationis
706 460 900 497 Borealis
923 459 1090 506 Capitis
1110 460 1144 501 Π
1168 463 1274 505 part.
1292 458 1355 495 57.
1374 455 1399 504 l.
1417 457 1453 495 Ο.
1475 457 1678 504 Angulus
1696 468 1802 495 vero
1818 457 1938 496 BAC
1959 457 2014 496 est

368 516 409 553 P.
427 515 468 552 ll.
488 513 512 562 l.
530 514 592 557 42,
614 514 738 551 illum
759 514 877 550 enim
897 514 1072 549 metitur
1088 511 1285 549 distantia
1301 510 1606 558 Longitudinis
1622 510 1767 548 Stellae
1784 522 1811 548 a
1825 509 2014 558 Tropico
2051 525 2068 550 ⁵

368 568 543 606 AEstiuo.
566 565 709 604 Ducla
729 568 875 612 itaque
896 564 1247 612 perpendiculari
1269 564 1358 607 BE,
1381 575 1481 601 cum
1497 563 1701 611 Angulus
1721 563 1832 601 datis
1853 563 2014 602 Lateri-

366 622 446 659 bus
472 632 562 658 non
588 618 1010 666 compraehendatur,
1041 619 1215 655 tertium
1241 617 1374 654 Latus
1400 616 1493 661 CA,
1519 616 1604 654 hoc
1628 616 1762 655 modo
1787 628 1864 664 per
1887 616 2015 655 binos

366 673 649 721 particulares
664 671 927 719 Triangulos
944 670 1160 708 constabit.

421 727 538 764 Nam
559 728 604 763 in
620 725 858 772 Triangulo
880 723 1145 771 Rectangulo
1165 723 1301 767 ΒΑΕ,
1324 734 1425 761 cum
1445 728 1575 760 notus
1595 722 1642 760 fit
1657 723 1861 771 Angulus
1876 723 2014 768 BAE,

366 780 482 817 idem
502 791 602 817 cum
623 778 749 816 BAC
771 776 998 819 antedicto,
1021 777 1059 815 &
1080 777 1161 814 BA
1183 787 1360 823 quoque
1382 776 1515 814 Latus
1535 776 1777 814 indicatum
1796 776 1855 821 fit,
1878 776 2013 814 latere
2054 790 2084 816 ιο

367 835 515 879 nequit
532 831 903 880 perpendicularis
920 830 1008 874 BE,
1025 835 1133 877 part.
1147 830 1183 867 4.
1203 828 1228 877 l.
1245 829 1331 873 421,
1350 829 1387 866 &
1403 829 1578 877 insuper
1593 829 1865 877 relinquetur
1881 829 2014 868 Latus

366 886 459 929 AE,
482 886 523 922 Ρ.
541 885 603 923 23.
623 883 647 932 l.
665 884 715 922 25
731 884 831 921 fere.
854 883 1028 921 Dehinc
1044 885 1090 921 in
1105 882 1345 930 Triangulo
1366 882 1504 920 altero
1521 881 1787 931 Rectangulo
1804 882 1938 927 BEC,
1960 894 2014 921 ex
2051 888 2071 919 †

366 940 475 976 datis
497 938 722 976 Lateribus
743 937 822 975 BC
845 936 1183 984 Complemento
1204 935 1526 974 Declinationis
1542 935 1701 979 Stellae,
1724 935 1762 973 &
1783 936 1858 974 ΒΕ
1878 936 2013 974 modo

368 994 561 1035 inuento,
583 990 848 1038 Anguloque
869 990 924 1027 ad
946 990 978 1027 E
1000 990 1075 1036 (vti
1095 988 1272 1035 dictum)
1295 988 1437 1033 Recto,
1460 989 1593 1027 Latus
1608 991 1784 1027 tertium
1801 989 1880 1028 CE
1895 994 2013 1037 pate-

368 1045 437 1082 scit
457 1050 564 1092 part.
586 1044 647 1082 56.
671 1042 696 1091 l.
719 1044 802 1083 523.
825 1043 869 1081 Si
890 1045 1037 1090 itaque
1058 1054 1176 1080 nunc
1197 1044 1557 1080 coniunxerimus
1577 1042 1682 1081 bina
1702 1042 1859 1081 Latera
1879 1043 2013 1081 modo
2054 1057 2083 1083 ιε

367 1100 548 1135 inuenta
564 1097 645 1134 ΑΕ
663 1096 700 1134 &
717 1096 808 1140 EC,
826 1096 1115 1134 conflabimus
1131 1101 1272 1134 totum
1285 1095 1380 1139 AC,
1397 1102 1504 1144 part.
1517 1096 1579 1134 80.
1594 1094 1619 1143 l.
1632 1095 1707 1140 171,
1725 1095 1843 1143 quod
1859 1095 2012 1134 distan-

367 1153 472 1188 tiam
484 1150 653 1188 Boreal.
667 1150 833 1197 Capitis
848 1152 883 1193 Π
898 1161 924 1188 a
936 1149 1042 1187 Polo
1055 1149 1274 1197 Eclipticae
1286 1149 1624 1197 Septentrionali
1639 1148 1872 1193 mensurat,
1889 1151 2014 1188 cuius

368 1203 755 1251 Complementum
771 1203 826 1241 ad
843 1203 1134 1250 quadrantem
1150 1202 1205 1240 est
1220 1202 1310 1250 ipsa
1326 1203 1530 1241 Latitudo
1547 1202 1692 1241 Steuae
1708 1202 1899 1250 quaefita,
1916 1202 1959 1241 P.
1975 1202 2012 1241 9.

369 1256 393 1305 l.
411 1257 479 1296 42}
500 1257 597 1294 Bor.

420 1311 517 1348 Pari
547 1312 715 1348 ratione
745 1310 1022 1357 procedendo
1053 1311 1166 1347 circa
1196 1309 1522 1348 HIPPARCHI
1550 1310 1912 1354 Annotationem‚
1942 1308 2015 1347 vbi
2051 1323 2085 1348 20

368 1366 517 1401 omnia
542 1363 821 1411 intelligenda
843 1365 1037 1407 veniunt,
1064 1363 1442 1410 quemadmodum
1466 1365 1556 1401 iam
1578 1363 1819 1401 indicatum
1842 1362 1910 1407 est,
1936 1364 2015 1400 erit

368 1417 500 1454 Latus
517 1417 595 1455 BC
611 1422 718 1464 part.
736 1416 797 1454 56.
817 1414 841 1464 l.
859 1416 921 1454 50.
939 1416 1022 1454 BA
1039 1422 1145 1463 part.
1163 1416 1225 1454 23.
1245 1415 1270 1464 l.
1288 1416 1362 1455 512¹..
1380 1416 1583 1464 Angulus
1600 1416 1725 1454 BAE
1740 1421 1848 1463 part.
1860 1416 1896 1454 9.
1911 1413 1937 1464 Ι.
1949 1415 2012 1454 42.

368 1470 442 1507 BE
459 1476 565 1517 part.
583 1470 618 1507 3.
638 1468 662 1517 l.
681 1471 765 1509 542¹...
783 1470 865 1507 AE
881 1475 988 1517 part.
1006 1470 1068 1507 23.
1088 1468 1113 1517 l.
1130 1469 1192 1508 33.
1216 1469 1294 1508 CE
1311 1475 1418 1517 part.
1435 1470 1498 1508 56.
1517 1468 1542 1517 l.
1560 1470 1644 1509 443.
1667 1469 1860 1517 Ideoque
1877 1480 1930 1507 ex
1946 1468 2014 1507 his

368 1529 654 1570 componetur
670 1523 750 1561 CA
767 1529 873 1570 part.
886 1523 948 1561 80.
963 1521 988 1571 l.
1001 1523 1041 1561 18
1057 1523 1158 1567 fere,
1177 1523 1566 1570 Complementum
1578 1523 1838 1561 Latitudinis
1855 1521 2012 1567 Stellae,

367 1582 497 1623 atque
514 1577 568 1614 ob
585 1577 627 1614 id
645 1576 881 1614 defiderata
898 1576 1100 1614 Latitudo
1118 1578 1195 1614 erit
1211 1582 1318 1624 part.
1336 1577 1371 1614 9.
1389 1578 1494 1614 min.
1511 1576 1574 1614 42.
2050 1589 2083 1615 25

420 1630 544 1667 quta
560 1629 879 1668 PTOLEMAEI
896 1630 1075 1668 demum
1092 1629 1496 1674 considerationem,
1515 1629 1740 1668 habebunt
1755 1629 1852 1667 haec
1867 1629 1958 1677 ipsa
1973 1628 2014 1667 se

368 1685 412 1720 in
428 1682 545 1720 hunc
562 1683 759 1721 modum:
778 1683 910 1720 Latus
927 1683 1006 1721 BC
1023 1689 1130 1730 part.
1147 1683 1209 1721 56.
1229 1682 1254 1731 l.
1272 1683 1334 1721 36.
1357 1683 1439 1721 ΒΑ
1455 1689 1562 1730 part.
1580 1683 1642 1721 23.
1662 1681 1687 1730 Ι.
1704 1682 1763 1722 513.
1784 1682 2014 1729 (constituit

368 1738 485 1773 enim
502 1736 775 1779 Ptolemaeus,
793 1737 979 1774 eandem
996 1736 1215 1784 Eclipticae
1232 1737 1286 1775 ab
1302 1736 1545 1784 AEquatore
1562 1736 1861 1774 deuiationem
1876 1738 2014 1774 maxi-

368 1801 498 1833 mam,
529 1801 663 1836 quam
688 1789 973 1828 Timochares
998 1796 1129 1837 atque
1155 1789 1458 1837 Hipparchus)
1484 1790 1686 1838 Angulus
1716 1795 1865 1827 autem
1890 1789 2015 1827 ΒΑΕ

368 1842 611 1881 differentia
632 1843 934 1891 Longitudinis
954 1844 1008 1881 ab
1030 1845 1155 1881 initio
1176 1849 1217 1884 63>
1238 1855 1356 1881 nunc
1377 1843 1432 1881 est
1453 1850 1560 1891 part.
1577 1843 1613 1881 6.
1633 1841 1658 1891 l.
1675 1843 1738 1882 57.
1761 1843 1919 1881 Euadit
1938 1844 2015 1881 ita·
2053 1855 2087 1881 ³0

369 1907 452 1942 que
471 1896 602 1933 Latus
620 1896 694 1934 BE
711 1902 817 1943 part.
834 1897 870 1934 2.
890 1895 915 1943 l.
932 1897 1016 1935 48¹..
1035 1897 1116 1934 AE
1133 1903 1240 1944 part.
1253 1897 1316 1935 23.
1331 1895 1356 1944 l.
1369 1897 1432 1935 42.
1452 1897 1530 1935 CB
1547 1902 1655 1944 part.
1672 1896 1734 1934 56.
1754 1894 1779 1943 l.
1792 1896 1882 1939 331:
1899 1895 2017 1934 ideo-

368 1960 452 1995 que
477 1949 561 1987 CA
585 1956 690 1996 part.
713 1950 775 1987 80.
799 1948 824 1997 l.
847 1950 920 1991 151.
945 1950 1058 1988 vnde
1084 1950 1286 1988 Latitudo
1310 1950 1455 1988 Stellae
1479 1952 1557 1988 erit
1579 1955 1686 1997 part.
1704 1950 1740 1988 9.
1763 1948 1789 1997 l.
1806 1950 1892 1993 442⁴,
1916 1960 2017 1997 quae

368 2004 532 2048 priores
550 2014 571 2039 e
588 2002 850 2040 Timochare
872 2010 1002 2050 atque
1020 2003 1280 2051 Hipparcho
1302 2006 1506 2042 inuentas
1523 2000 1538 2053 ΙΙ
1555 2003 1826 2042 Latitudines
1841 2014 1931 2041 vno
1946 2002 2017 2040 vel
2040 2009 2104 2042 238

368 2056 503 2092 altero
520 2055 718 2103 scrupulo
736 2057 913 2099 excedit.
932 2057 1048 2104 quod
1066 2057 1120 2094 est
1137 2057 1389 2095 insensibile.
1408 2057 1658 2095 Limitando
1674 2062 1822 2095 tamen
1838 2055 1920 2094 has
1935 2062 2015 2094 ter·

369 2120 446 2145 nas
465 2109 732 2146 Latitudines
749 2108 904 2147 redlius
921 2109 1163 2151 fecerimus.
1182 2110 1209 2147 fi
1227 2113 1370 2148 verior
1386 2111 1441 2148 ad
1458 2110 1532 2148 ista
1546 2110 1768 2157 Tempora
1783 2109 2017 2148 assumatur
2054 2122 2087 2148 3⁵

369 2167 473 2208 part.
487 2162 521 2199 9.
538 2164 689 2199 minut.
703 2162 752 2199 43
771 2163 904 2209 (quod
923 2165 1053 2200 etiam
1071 2175 1161 2201 non
1178 2164 1367 2201 multum
1380 2176 1405 2202 a
1419 2164 1684 2202 Ptolemaico
1697 2163 1849 2201 Abaco
1865 2162 2015 2201 discre—

368 2221 451 2261 pat,
470 2215 748 2252 constituente
766 2216 898 2253 huius
910 2216 1054 2254 Stellae
1068 2217 1363 2255 Latitudinem
1380 2224 1486 2264 part.
1499 2217 1576 2263 952).
1594 2216 1708 2264 Quae
1725 2216 1754 2254 fi
1770 2228 1871 2254 cum
1887 2215 2016 2254 nostri

369 2269 454 2304 aeui
473 2268 717 2306 Latitudine
735 2269 994 2310 conferatur.
1017 2276 1123 2317 part.
1142 2270 1192 2308 10.
1211 2273 1364 2308 minut.
1383 2271 1418 2312 2.
1442 2269 1751 2308 Differentiam
1772 2268 1902 2308 efficit
1919 2267 1945 2317 Ι.
1962 2269 2016 2313 19,

369 2328 582 2367 quantum
604 2321 702 2359 sane
723 2322 938 2369 Eclipticae
957 2323 1010 2360 ad
1028 2323 1317 2370 AEquatorem
1338 2325 1513 2362 accessio
1535 2326 1701 2362 interea
1717 2323 1947 2370 Temporis
1963 2333 2016 2361 eo

369 2373 463 2410 loco
477 2376 615 2421 exigit.
632 2375 693 2411 Est
708 2378 824 2412 enirn
838 2378 1020 2413 mutatio
1031 2376 1350 2415 Declinationis
1362 2380 1570 2415 maximae
1582 2389 1608 2415 a
1618 2377 1828 2414 Veterum
1840 2376 2017 2414 illorum
2055 2388 2088 2414 4ο

368 2426 657 2473 Temporibus
674 2428 758 2464 huc
771 2429 901 2475 vsque
919 2431 1054 2466 tertiae
1072 2432 1204 2476 partis
1217 2433 1345 2468 vnius
1362 2431 1533 2478 gradus.
1552 2430 1702 2477 Quare
1719 2430 1762 2468 id
1774 2430 1892 2477 quod
1905 2431 2018 2468 circa

369 2482 656 2517 variationem
672 2481 928 2518 Latitudinis
942 2482 1187 2524 Stellarum.
1202 2483 1438 2521 secundum
1452 2490 1666 2521 mutatam
1681 2482 1900 2531 Eclipticae
1911 2482 2017 2521 obli-

1806 2538 2018 2584 quitatem

2226 2394 2233 2497 ——.
2227 2265 2233 2359 ,η
2226 1948 2234 2202 ›-—
2225 1717 2234 1922 ——-
2224 1574 2231 1699 —-
2223 1305 2230 1550 —.—.-
2223 986 2230 1246 .-————-—
2223 949 2226 956 ·
