2243 3225
341 191 417 229 324
714 183 1167 224 ASTRONOMIAE
1188 180 1609 220 INSTAURATAE

342 290 743 342 considera-{horum
766 291 1001 334 oscitantia,
1027 289 1153 327 facile
1176 287 1495 335 praetereundo,
1521 286 1810 334 negliguntur.
1837 285 1981 333 Quod,
2005 294 2069 326 324

341 347 491 396 procul
503 346 647 388 dubio,
665 347 796 382 etiam
808 346 853 381 in
865 343 960 386 hac,
975 343 1027 380 de
1040 354 1128 389 qua
1139 353 1257 379 nunc
1268 339 1516 384 tractamus
1529 340 1770 387 contigisset,
1782 339 1860 377 nisi
1871 340 1983 378 adeo

342 400 575 442 euidenter,
597 404 727 445 atque
749 396 976 443 conspicue
997 406 1088 443 prae
1110 396 1276 432 caeteris
1297 394 1351 432 ab
1372 395 1496 431 initio
1512 394 1719 430 intuitum
1734 393 1982 440 perculisset.

342 454 456 492 Cum
474 452 510 489 &
527 451 734 498 plerique,
755 450 933 497 quando
949 449 1004 486 ad
1022 460 1120 486 eam
1136 449 1399 494 paruitatem
1415 446 1681 490 decreuerat,
1698 452 1741 484 vt
1757 445 1904 484 similis
1920 457 1983 484 re-

340 507 469 553 liquis
482 505 717 551 Cassiopeae
730 502 883 546 Stellis,
900 507 976 540 aut
986 501 1121 548 paulo
1133 503 1290 544 minor,
1308 505 1568 543 cerneretur,
1586 511 1686 537 eam
1696 499 1870 547 prorsus
1881 499 1983 538 abo·
2021 513 2037 539 5

341 560 474 601 litam,
497 563 571 595 aut
588 557 784 603 aliquam
801 567 853 593 ex
869 556 1070 603 genuinis
1087 553 1280 591 eiusdem
1293 552 1523 597 Asterismi‚
1546 553 1622 590 esse
1639 553 1844 600 putarint.
1866 552 1985 599 Quid

340 614 466 659 igitur
482 609 643 648 factum
658 609 802 652 sufflet,
819 608 849 645 fi
865 610 978 646 circa
994 607 1233 655 primordia
1249 618 1340 654 prae
1357 606 1536 653 reliquis
1551 617 1643 644 non
1660 604 1916 643 emicuisset?

393 665 561 702 Possunt
573 665 719 710 itaque
731 663 887 700 reuera
899 660 1139 708 aliquando
1151 662 1196 698 in
1207 659 1336 698 Coelo
1348 661 1577 707 peregrina
1587 659 1761 706 prodire
1772 659 1985 707 Corpora,

342 717 568 764 rursusque
585 715 859 754 euanescere:
877 715 974 752 licet
989 714 1032 752 id
1049 725 1140 751 non
1156 713 1316 760 vbique
1333 713 1723 757 animaduertatur,
1742 718 1818 751 aut
1833 712 1987 751 Literis

342 775 719 809 commemoretur.
729 768 811 807 Sed
820 769 1032 815 quoniam
1041 766 1152 804 nihil
1162 769 1264 804 certi
1272 766 1326 804 ab
1334 765 1690 804 antecedentibus
1698 765 1987 813 Scriptoribus
2027 778 2057 804 ιο

342 824 424 862 hac
441 824 492 861 de
509 835 554 861 re
575 823 795 870 proditum
816 821 883 864 est,
904 820 1010 858 nolo
1027 820 1297 858 Sententiam
1313 820 1366 858 de
1382 821 1663 866 incompertis
1679 821 1986 867 pronunciare.

395 876 527 915 Stella
538 876 625 919 1113,
641 887 740 922 quae
752 877 797 912 in
810 874 989 913 Oriente
1001 874 1147 921 Magis
1158 875 1373 921 apparuit,
1386 872 1604 920 Tempore
1615 872 1988 911 incunabulorum

344 930 510 973 Christi,
528 941 615 976 qua
627 929 751 966 Duce
764 928 825 965 illi
838 927 1035 965 Iudaeam
1050 929 1280 974 petierunt,
1298 926 1459 974 Regem
1474 928 1648 964 nouiter
1663 932 1818 964 natum
1834 925 1988 964 adora-

342 986 438 1025 turi,
461 982 497 1020 &
518 982 570 1020 de
592 993 644 1019 eo
666 981 984 1029 Hierosolymis
1005 980 1336 1023 sciscitabantur,
1358 980 1506 1027 ibique
1527 977 1667 1017 edocti
1686 979 1865 1018 tandem
1886 990 1989 1017 eum

343 1035 653 1079 Bethlehemae,
671 1035 943 1082 praecedente
959 1033 1181 1081 flanteque
1198 1033 1281 1071 hac
1293 1033 1427 1072 Stella
1437 1033 1566 1080 supra
1577 1033 1766 1071 eandem
1777 1032 1988 1077 Domum,
2030 1045 2060 1071 15

343 1093 387 1128 in
404 1101 492 1136 qua
509 1094 611 1131 erat,
628 1091 905 1131 inuenerunt,
922 1098 1197 1134 muneraque
1209 1087 1271 1124 illi
1283 1088 1470 1130 Aurum,
1483 1086 1618 1130 Thus,
1635 1085 1881 1134 Myrrham,
1897 1091 1990 1124 tan-

344 1154 477 1190 quam
494 1142 608 1190 Regi,
628 1141 751 1180 DEO
769 1141 806 1178 8(
823 1141 1023 1184 Homini,
1041 1140 1292 1179 obtulerunt
1309 1140 1705 1187 (quemadmodum
1721 1139 1817 1178 haec
1833 1151 1860 1178 a
1875 1139 1990 1178 Mat·

343 1196 444 1234 theo
462 1195 736 1243 Euangelista
752 1194 939 1233 dilucide
956 1193 1220 1240 referuntur)
1238 1194 1329 1237 1113,
1350 1195 1547 1241 inquam,
1569 1193 1703 1232 Stella
1722 1204 1814 1231 non
1830 1198 1922 1231 erat
1937 1193 1990 1231 de

345 1249 596 1288 Coelestium
608 1248 834 1286 Astrorum
850 1259 1020 1296 genere,
1038 1259 1181 1294 neque
1199 1259 1299 1285 cum
1316 1246 1399 1285 hac
1415 1247 1562 1291 Noua,
1580 1249 1705 1284 cuius
1721 1246 1793 1284 hic
1808 1245 1855 1284 fit
1870 1257 1990 1284 men-

343 1305 415 1345 tio,
433 1308 507 1340 aut
520 1302 726 1345 Cometis‚
743 1301 961 1339 vllatenus
978 1300 1255 1349 congruebat.
1273 1300 1371 1338 Fuit
1386 1302 1531 1348 potius
1542 1300 1762 1348 peculiare
1774 1305 1905 1348 atque
1917 1299 1990 1338 ad·
2028 1311 2062 1337 20

344 1355 596 1394 mirandum
608 1355 707 1393 DEI
721 1355 857 1402 Opus,
875 1366 962 1402 quo
978 1354 1136 1402 Magis,
1152 1360 1245 1392 vtut
1258 1353 1521 1397 Gentilibus,
1535 1353 1573 1391 &
1584 1353 1685 1391 DEI
1697 1355 1992 1402 cognitionem

344 1409 642 1457 permodicam
655 1408 749 1455 (nisi
761 1414 977 1455 quantum
987 1419 1040 1446 ex
1050 1407 1349 1445 Vniuerfitatis
1360 1407 1490 1445 Libro
1499 1407 1748 1445 Authorem
1757 1418 1834 1454 per
1844 1406 1992 1454 Opera

345 1462 617 1510 suspicerent)
639 1461 913 1505 habentibus,
934 1462 977 1499 id
994 1461 1216 1499 ostendere
1233 1461 1435 1509 dignatus
1452 1460 1519 1505 est,
1542 1460 1660 1508 quod
1676 1460 1788 1508 ipsos
1805 1460 1991 1503 Iudaeos,

345 1519 455 1554 inter
476 1527 586 1563 quos
608 1515 802 1553 Christus
822 1514 1090 1558 nascebatur,
1112 1514 1288 1557 latebat;
1312 1513 1651 1562 praefigurando,
1672 1513 1825 1561 procul
1845 1513 1992 1557 dubio,

348 1570 512 1608 Gentes
529 1569 769 1616 aliquando
785 1569 840 1607 ad
857 1570 1151 1616 cognitionem
1162 1568 1366 1606 Veritatis
1383 1564 1397 1617 ΙΙ
1414 1573 1544 1615 atque
1562 1567 1766 1606 Gratiam
1781 1566 1992 1606 assciscen-
2016 1573 2079 1606 325

346 1623 434 1665 (135,
458 1622 853 1669 obtorpescentibus
874 1621 1070 1669 reprobis
1088 1621 1125 1659 &
1142 1621 1361 1659 obstinatis
1380 1621 1464 1659 illis
1481 1621 1652 1659 IudaeiS.
1675 1621 1858 1659 Extitisse
1874 1621 1994 1658 enim

346 1676 459 1714 hanc
477 1676 655 1714 Stellam
672 1675 922 1723 Magorum,
943 1675 1071 1723 longe
1088 1675 1142 1713 ab
1159 1675 1269 1723 alijs,
1292 1686 1392 1722 quae
1409 1677 1455 1712 in
1470 1674 1651 1712 AEthere
1672 1674 1830 1717 lucent,
1851 1674 1993 1712 diuer-

346 1730 447 1772 sam,
464 1729 550 1767 fiue
568 1729 785 1777 indigenae
801 1728 889 1766 fiue
906 1729 1106 1766 asscititiae
1123 1728 1212 1772 fint,
1230 1729 1330 1766 inde
1347 1728 1445 1766 satis
1461 1728 1686 1776 probatur:
1705 1727 1823 1776 quod
1839 1729 1885 1766 in
1897 1727 1993 1766 Ori·

347 1789 443 1820 ente
467 1783 550 1820 illis
574 1785 765 1829 primum
788 1782 877 1820 visa
900 1781 1040 1825 fuerit,
1067 1781 1104 1819 &
1127 1788 1219 1819 vtut
1242 1781 1501 1820 Palestinam
1526 1787 1721 1829 petentes
1744 1781 1995 1829 praecesserit
2031 1788 2051 1819 †

347 1836 481 1882 (velut
505 1836 783 1883 Nicephorus
806 1835 950 1881 tradit)
976 1842 1124 1873 tamen
1147 1835 1408 1882 aliquandiu
1433 1835 1578 1882 postea
1603 1835 1822 1882 disparuit.
1847 1833 1995 1882 quoad
2032 1845 2066 1872 ³0

348 1889 663 1937 Hierosolymis
676 1889 836 1937 Regem
848 1888 999 1927 frustra
1011 1889 1284 1936 quaerebant:
1298 1889 1534 1927 admonitis
1544 1900 1649 1926 vero
1660 1887 1995 1926 Bethlehemam

347 1943 592 1990 petendam.
615 1945 735 1980 iuxta
752 1942 1070 1990 Prophetarum
1088 1942 1293 1985 Oracula.
1315 1942 1541 1989 statimque
1558 1942 1677 1980 illinc
1693 1941 1995 1989 proficiscenti·

348 1996 440 2037 bus.
462 1996 608 2033 denuo
626 1996 779 2034 eadem
797 1998 998 2043 apparuit
1016 1995 1053 2033 8(
1070 1996 1285 2043 praeluxit.
1307 1996 1447 2033 donec
1468 1995 1597 2043 supra
1613 1995 1824 2037 Domum.
1846 1997 1892 2033 in
1908 2005 1997 2042 qua

350 2050 437 2087 Rex
451 2049 669 2091 AEternus,
688 2049 895 2086 Infantuli
912 2049 1097 2087 humani
1114 2049 1299 2097 speciem
1315 2049 1506 2090 indutus.
1523 2048 1676 2087 visibili
1692 2048 1835 2086 forma
1850 2058 1996 2086 cerne·

350 2109 477 2145 retur,
496 2105 710 2149 peruenit:
733 2103 802 2140 vbi
821 2105 951 2140 etiam
968 2102 1161 2144 constitit.
1181 2103 1264 2140 loci
1281 2104 1399 2150 petiti
1417 2103 1635 2140 iucundus
1652 2102 1689 2140 &
1706 2102 1913 2140 indubius
1930 2101 1996 2139 In·
2034 2112 2067 2139 3⁵

351 2156 444 2192 dex.
464 2156 526 2192 Ex
543 2155 610 2193 his
628 2168 717 2193 non
734 2156 910 2193 obscure
928 2156 1154 2203 colligitur,
1172 2156 1350 2194 Stellam
1369 2156 1490 2194 illam
1506 2156 1617 2193 nihil
1634 2156 1882 2203 commercij
1897 2165 1998 2193 cum

352 2211 517 2246 caeteris
535 2209 602 2254 (de
621 2209 777 2255 quibus
795 2209 1001 2255 diximus)
1019 2209 1220 2247 habuisse.
1243 2209 1469 2257 Siquidem
1485 2221 1576 2247 non
1593 2211 1638 2247 in
1654 2209 1855 2257 suprema
1871 2209 1998 2247 Aeris

354 2262 554 2309 Regione.
573 2263 735 2299 nedum
753 2265 796 2299 in
814 2262 902 2309 ipso
917 2263 1058 2304 Coelo.
1076 2262 1342 2304 versabatur:
1361 2263 1470 2301 alias
1483 2263 1628 2311 Magis
1640 2263 1694 2301 ab
1707 2263 1887 2302 Oriente
1901 2272 1998 2310 pro-

354 2314 481 2356 secus.
509 2317 586 2352 iter
611 2316 926 2363 Hierosolymis
951 2316 1284 2353 Bethlehemam
1308 2316 1454 2354 versus
1478 2317 1703 2363 quomodo
1727 2315 1998 2357 monstrasset.

354 2375 497 2415 vtpote
516 2370 699 2405 nimium
717 2369 771 2406 ab
789 2367 958 2415 aspectu
976 2370 1123 2407 dissita:
1142 2370 1280 2407 multo
1297 2372 1443 2407 minus
1457 2370 1667 2411 Domum.
1685 2372 1730 2408 in
1747 2381 1835 2417 qua
1847 2368 1998 2408 Salua-
2036 2379 2070 2405 4ο

354 2428 419 2458 tor
446 2424 726 2462 inueniretur.
758 2423 868 2459 adeo
895 2421 1064 2462 directe.
1095 2434 1185 2469 prae
1212 2423 1390 2469 reliquis
1417 2425 1461 2460 in
1487 2423 1561 2461 illa
1586 2423 1714 2465 Vrbe.
1745 2422 1999 2471 defignasset.

355 2474 430 2511 nisi
452 2475 691 2512 admodum
714 2478 961 2521 propinqua
979 2478 1022 2512 in
1040 2478 1186 2513 citimo
1204 2478 1318 2513 Aere
1335 2476 1563 2514 obuersata
1580 2475 1738 2514 fuisset?
1759 2476 1879 2514 Nam
1899 2486 2000 2523 quae

1830 2528 2000 2567 AEtheri
