2326 3277
486 241 537 279 36
861 234 1314 274 ASTRONOMIAE
1335 230 1757 271 INSTAURATAE

487 346 523 383 &
536 344 692 383 Cordis
706 345 745 388 <Q
761 342 907 380 euadit
918 341 960 378 Ρ.
973 342 1035 379 54.
1050 339 1076 388 Ι.
1089 340 1125 383 Ο,
1138 340 1269 386 idque
1281 350 1382 376 cum
1394 337 1569 377 Coelesti
1581 336 1898 375 Obseruatione
1909 335 2008 374 satis
2018 335 2130 374 bene

486 399 693 444 congruit,
712 406 810 442 quae
828 406 926 432 eam
937 395 1096 441 promit
1108 393 1150 430 P.
1163 393 1226 431 53.
1241 390 1266 440 Ι.
1279 392 1364 431 58ὲ.
1382 392 1476 429 Imo
1489 390 1527 429 8(
1539 390 1623 428 hoc
1633 389 1774 437 ipsum
1784 400 1878 426 non
1889 388 2131 427 admodum

486 451 663 488 dissentit
683 449 736 486 ab
758 450 851 485 eius
872 448 1057 494 proprijs
1078 444 1437 484 annotationibus
1455 445 1590 482 Anno
1613 443 1672 489 (vt
1693 442 1799 488 dixi)
1821 442 1889 480 139
1909 442 2081 486 habitis,
2102 441 2132 480 fi

486 504 635 540 omnia
656 498 957 547 circumspecte
977 499 1228 542 limitentur,
1253 509 1333 536 ceu
1353 497 1457 536 alibi
1479 496 1766 539 ostendemus,
1790 495 1969 543 quando
1992 500 2132 533 totum

485 556 568 593 hoc
584 556 819 602 negotium,
840 559 931 591 tam
946 564 1022 600 per
1039 552 1213 600 Spicam
1229 563 1365 598 quam
1381 550 1471 589 Cor
1492 552 1531 595 <Q
1553 549 1688 597 paulo
1705 550 1951 587 accuratius
1967 550 2131 587 exami-

485 609 628 646 naturi
644 607 803 644 sumus.
821 606 966 644 Taceo
982 617 1100 643 nunc
1117 605 1236 652 quod
1251 604 1281 642 fi
1296 615 1401 642 vera
1417 605 1603 641 remotio
1619 604 1773 650 primae
1787 608 1834 642 V
1847 613 1875 640 a
1886 601 2015 649 Spica
2030 613 2131 649 quae
2169 611 2190 642 †

485 661 650 698 caelitus
667 660 733 703 est,
750 660 793 697 P.
807 659 897 699 170}
912 658 1013 703 fere,
1031 658 1303 701 adhibeatur.
1320 657 1646 695 Praecessionem
1657 653 2043 702 AEquinoctiorum
2058 655 2132 693 ad-

484 714 570 751 huc
586 713 692 751 besse
708 713 867 760 gradus
884 711 1128 750 antrorsum
1145 711 1471 749 retrahendam:
1493 710 1536 748 id
1552 715 1701 747 tamen
1717 708 1915 746 hocloco
1930 707 2042 746 nihil
2058 707 2132 746 ob-

483 767 570 810 stat,
587 766 797 813 fiquidem
813 766 1042 812 vtrobique
1059 765 1372 803 Ptolemaicam
1388 762 1680 802 differentiam
1697 761 1982 810 applicamus.

2168 557 2184 583 ΩΙ

531 873 573 910 Ν
590 872 726 910 altera
741 883 846 910 vero
863 871 1005 909 nostra
1021 871 1290 915 aduerfione,
1312 872 1416 918 quia
1432 871 1681 917 Apogaeum
1697 868 1811 906 Solis
1827 867 1943 906 estin
1959 868 2005 907 5³}
2019 873 2061 908 ΕΞ
2077 868 2133 906 ad
2173 876 2204 902 ιο

543 926 596 969 Α,
609 925 647 962 8(
660 925 963 963 Eccentricitas
976 925 1017 962 D
1027 925 1075 967 C,
1088 925 1130 962 Ρ.
1144 924 1179 962 2.
1195 923 1220 972 Ι.
1232 924 1269 967 9,
1287 923 1487 971 qualium
1500 922 1596 965 BD.
1614 922 1656 959 P.
1670 921 1732 960 60.
1748 920 1773 969 Ι.
1786 921 1822 966 9,
1841 923 1919 959 erit
1930 920 2133 969 Angulus

484 978 693 1016 distantiae
709 978 793 1016 loci
809 980 900 1016 veri
916 978 970 1016 ab
987 979 1185 1025 Apogaeo
1203 977 1338 1019 ACB,
1360 977 1403 1014 P.
1420 976 1483 1014 84.
1503 974 1528 1023 Ι.
1545 976 1608 1019 30,
1630 977 1705 1023 qui
1721 975 1839 1012 idern
1855 974 1910 1012 est
1926 985 2027 1012 cum
2042 975 2133 1012 An-

763 1042 835 1089 ,Α
1122 1030 1225 1078 gulo
1249 1030 1390 1073 BCD,
1414 1032 1460 1067 in
1475 1028 1715 1077 Triangulo
1732 1027 1875 1072 BCD,
1899 1027 1938 1065 &
1960 1029 2065 1075 quia
2087 1029 2133 1065 in

1124 1084 1280 1121 eodem
1297 1084 1456 1121 dantur
1472 1083 1560 1121 duo
1573 1082 1731 1120 Latera
1747 1081 1809 1128 (vt
1820 1081 1955 1119 modo
1969 1079 2133 1119 dictum

1123 1136 1194 1182 est)
1207 1148 1298 1174 non
1309 1136 1457 1174 latebit
1464 1135 1667 1183 Angulus
1679 1135 1720 1172 D
1729 1135 1763 1172 B
1772 1134 1822 1179 C,
1834 1133 2133 1182 Prosthaphae-
2174 1142 2204 1168 15

1122 1189 1234 1233 refis.
1256 1201 1356 1237 quae
1377 1189 1424 1227 fit
1444 1188 1528 1227 hoc
1548 1194 1745 1236 tempore
1765 1187 1866 1226 Sole
1887 1191 1929 1231 ἑὲ
1948 1188 2133 1236 ingredi-

488 1277 521 1316 Β
1123 1249 1233 1287 ente,
1251 1243 1394 1290 estque
1411 1242 1454 1280 P.
1467 1242 1502 1280 2.
1518 1240 1543 1289 Ι.
1556 1242 1615 1285 2³25.
1632 1241 1728 1280 haec
1743 1241 1773 1279 fi
1789 1241 1976 1280 addatur
1991 1241 2047 1279 ad
2062 1252 2134 1279 ve-

1122 1468 1148 1494 a
1160 1456 1318 1503 quibus
1328 1455 1510 1494 firursus
1521 1454 1746 1493 auferatur
1755 1455 1974 1493 Praecessio
1981 1453 2134 1502 AEqui-

1122 1508 1382 1553 nofftiorum,
1405 1520 1505 1556 quae
1526 1508 1610 1546 hoc
1626 1508 1717 1556 ipso
1733 1514 1929 1556 tempore
1946 1507 2002 1546 est
2018 1519 2041 1546 e
2057 1519 2134 1546 no-

1121 1562 1212 1600 stris
1227 1562 1618 1601 Obseruationibus
1634 1562 1676 1600 P.
1689 1561 1752 1600 28.
1767 1560 1792 1609 Ι.
1805 1562 1864 1605 5ὲ,
1881 1566 1925 1599 vt
1939 1560 2135 1609 sequenti

1123 1615 1278 1664 Capite
1295 1627 1318 1654 e
1335 1617 1460 1654 certis
1476 1615 1658 1663 desuper
1669 1615 1828 1653 habitis
1840 1615 2134 1653 Animaduer-

789 1666 824 1706 E
1122 1669 1313 1707 [ionibus
1338 1675 1495 1707 notum
1520 1669 1767 1711 reddemus.
1795 1668 2006 1716 (Intellige
2031 1667 2103 1706 hic
2119 1664 2134 1718 ΙΙ
2172 1675 2206 1701 2⁵

483 1723 511 1760 fi
528 1726 669 1770 prima
683 1729 728 1762 V
743 1723 875 1761 Stella
891 1734 1014 1761 more
1026 1723 1292 1761 Ptolemaico
1309 1723 1542 1761 assumatur
1559 1722 1815 1760 antecedere
1827 1721 2002 1769 spicam
2015 1727 2064 1770 m>
2075 1720 2134 1759 se·
2167 1727 2209 1760 43

484 1778 677 1814 cundum
690 1777 1029 1824 Longitudinem
1041 1776 1083 1814 P.
1097 1776 1176 1814 170.
1192 1775 1216 1823 Ι.
1229 1776 1265 1819 Ο,
1283 1787 1388 1814 nam
1400 1776 1510 1814 alias
1522 1775 1577 1814 est
1588 1777 1732 1813 verior
1744 1775 1963 1813 Praecessio
1978 1776 2133 1823 primae

487 1836 546 1871 V,
564 1829 895 1877 respedluVerni
907 1828 1174 1878 AEquinoctij
1189 1829 1272 1867 hoc
1286 1841 1418 1871 anno.
1432 1829 1487 1868 G.
1500 1829 1563 1867 27.
1578 1828 1603 1876 Ι.
1616 1828 1683 1875 26)
1701 1829 1888 1876 prodibit
1899 1828 2072 1866 medius
2086 1829 2130 1873 Θ

484 1884 539 1921 ad
555 1883 680 1920 [itum
696 1883 930 1921 Stellarum
947 1882 1210 1925 Affixarum.
1227 1883 1358 1930 idque
1375 1894 1402 1921 a
1418 1881 1529 1921 dicta
1545 1884 1687 1930 prima
1702 1888 1762 1925 V.
1779 1881 1862 1930 Sig.
1875 1882 1911 1920 5.
1924 1881 1967 1919 Ρ.
1980 1881 2016 1920 3.
2031 1880 2043 1929 Ι
2049 1912 2056 1919 .
2069 1881 2132 1924 57.

485 1948 616 1983 quem
633 1936 661 1973 fi
677 1936 1011 1974 subduxerimus
1028 1948 1054 1974 a
1070 1938 1204 1984 priori
1220 1936 1500 1978 Ptolemaico.
1517 1937 1592 1983 qui
1609 1942 1700 1973 erat
1717 1935 1799 1983 Sig.
1818 1936 1853 1974 5.
1872 1934 1927 1973 G.
1944 1935 2007 1973 25.
2027 1933 2052 1982 Ι.
2069 1934 2133 1977 34.
2171 1942 2206 1968 ³⁰

484 1990 879 2036 depraehendemus
900 1989 1012 2028 Solis
1035 1989 1271 2037 [implicem
1294 1995 1478 2032 motum.
1503 1989 1650 2036 quoad
1672 1988 1874 2027 Siderum
1897 1987 2135 2026 affixorum

486 2043 661 2085 Orbem.
679 2043 789 2081 vltra
806 2045 994 2091 integras
1011 2043 1326 2081 Reuolutiones
1344 2043 1450 2085 1455.
1469 2042 1688 2080 confecisse
1705 2042 1747 2080 P.
1765 2042 1855 2080 338.
1870 2040 1895 2089 Ι.
1907 2041 1970 2080 23.
1988 2043 2134 2089 Atque

486 2108 537 2133 ex
555 2096 622 2133 his
638 2096 875 2134 secundum
892 2099 1229 2143 proportionum
1246 2096 1686 2144 correspondentiam.
1707 2095 1736 2133 fi
1757 2095 1832 2134 Sol
1847 2095 1994 2133 medio
2010 2101 2134 2133 motu

485 2150 538 2187 ab
556 2149 706 2196 aliqua
723 2151 942 2187 inerrante
960 2149 1092 2188 Stella
1109 2151 1237 2187 annis
1254 2150 1436 2188 Iulianis
1453 2149 1679 2197 completis
1696 2149 1802 2192 1455.
1820 2148 1858 2186 8(
1874 2148 2028 2187 diebus
2043 2147 2133 2191 353.

486 2202 543 2239 H.
567 2203 618 2239 14.
643 2201 666 2248 Ι.
689 2203 751 2244 50,
776 2202 958 2240 absoluit
981 2203 1166 2240 circulos
1189 2203 1295 2245 1455,
1320 2203 1357 2240 8(
1381 2209 1594 2250 praeterea
1616 2209 1760 2250 partes
1783 2202 1874 2244 338.
1897 2203 2051 2240 minut.
2069 2201 2133 2245 23,
2172 2209 2206 2234 ³5

486 2255 761 2302 consequitur
778 2267 865 2293 vna
882 2256 949 2294 die
967 2258 1137 2293 moueri
1155 2258 1367 2303 portione.
1386 2268 1486 2303 quae
1504 2256 1555 2294 fic
1573 2256 1715 2294 habet.

488 2319 658 2351 MOTUS
670 2320 809 2351 SOLIS
818 2320 1273 2352 DIURNUSAPRIMAY
1283 2321 1428 2352 IUXTA
1438 2320 1694 2351 RECENTEM
1704 2318 2133 2352 VERIFICATIONEM.

764 2370 789 2394 Ρ.

764 2406 788 2443 o
897 2390 947 2444 59
1057 2390 1086 2444 8'
1191 2391 1234 2443 11'
1332 2391 1389 2444 27'
1494 2379 1533 2444 s}
1644 2379 1695 2445 ἐξ,
1803 2378 1859 2445 ἒ4

1122 1308 1221 1334 rum
1240 1296 1388 1334 locum
1412 1297 1455 1340 Θ
1479 1297 1525 1333 in
1544 1297 1760 1343 principio
1780 1298 1822 1338 g
1843 1294 2134 1338 obseruatum.

562 1326 807 1441 N
1123 1349 1314 1387 eiusdem
1334 1348 1570 1410 fimplicem
1590 1348 1664 1386 seu
1679 1348 1877 1409 medium
1891 1353 2064 1386 motum
2079 1348 2134 1386 ab

531 1321 807 1651 ἱ
1121 1401 1405 1450 AEquinocho
1425 1413 1563 1440 verno
1583 1402 1745 1449 pandet
1763 1401 1898 1450 S1g.o.
1916 1401 1959 1439 P.
1976 1401 2012 1439 2.
2032 1399 2057 1449 Ι.
2074 1401 2133 1445 Ζὲ,
2172 1408 2206 1434 2⁰

539 2469 683 2514 Atque
701 2467 783 2505 hoc
801 2469 966 2506 excedit
979 2468 1213 2515 Copernici
1231 2471 1585 2507 numerationem
1598 2468 1685 2507 fere
1698 2470 1721 2507 5
1734 2470 1900 2516 quartis
1911 2467 2134 2516 scrupulis.
2172 2474 2207 2501 ⁴0

486 2520 523 2558 &
536 2533 561 2558 a
574 2521 811 2558 Ptolemaeo
828 2521 1050 2568 hucusque
1068 2521 1363 2559 defiderantur
1380 2522 1533 2560 eadem
1552 2524 1720 2560 ratione
1738 2524 1908 2560 minuta
1923 2521 1999 2564 123.
2015 2522 2134 2569 quod

1945 2574 2135 2613 [imiliter
