2164 3246
389 206 1048 246 PROGYMNASMATUM
1070 208 1382 248 SECUNDA
1404 210 1550 250 PARS
1722 212 1798 251 383

150 324 250 362 quae
266 315 312 352 in
328 312 678 351 circumferentia
693 313 843 352 saltem
860 313 965 352 5400
981 314 1251 354 Germanica
1267 316 1336 354 vel
1357 317 1560 356 nostratia
1579 321 1799 357 contineat

92 376 112 408 †
149 366 351 411 miliaria,
373 366 709 405 Semidiametro
731 369 824 405 eius
845 369 918 405 vix
938 367 1016 405 900
1036 368 1275 407 miliarium
1295 370 1510 415 existente,
1533 382 1585 409 ex
1607 371 1689 410 hac
1709 372 1799 420 ipsa

148 425 297 459 tamen
309 419 644 459 Semidiametro
655 420 783 458 nobis
796 420 1048 468 Corporum
1060 421 1326 467 Coelessium,
1344 436 1444 471 quae
1460 435 1552 462 non
1565 424 1693 473 supra
1707 438 1798 464 mo-

149 474 255 513 dum
271 473 543 522 elongantur,
561 473 806 512 distantiam
822 473 1043 521 praefinire
1060 474 1312 514 facultatem
1327 477 1517 525 largitur.

96 541 112 567 ⁵
202 526 320 566 Cum
340 529 459 566 enim
479 538 548 565 res
567 527 719 575 aliqua
739 529 785 565 in
805 527 976 566 sublimi
997 528 1144 575 pofita,
1166 529 1195 566 fi
1216 541 1238 567 e
1260 529 1483 578 superficie
1500 531 1648 570 Terrae
1667 539 1797 580 atque

149 580 314 620 Centro
337 583 432 619 eius
453 580 580 619 fimul
600 580 828 619 collineari
847 581 1124 629 intelligatur,
1149 594 1240 620 non
1261 584 1451 622 eundem
1472 586 1700 633 vtrobique
1723 586 1797 625 sub

60 642 125 674 414
150 633 320 674 oetaua
335 634 520 682 Sphaera
535 633 741 672 monstret
756 634 920 678 locum;
942 634 1026 673 Sed
1042 635 1113 673 hae
1130 636 1230 674 duae
1248 633 1262 686 ΙΙ
1278 637 1408 675 lineae
1424 637 1610 676 visuales
1630 639 1670 677 se
1687 642 1797 678 inui-

149 699 244 727 cem
263 687 581 732 intersecantes,
603 687 832 736 Angulum
853 688 1076 736 quendam
1096 688 1296 734 efficient,
1319 689 1513 738 aspedlus
1529 694 1640 730 inter
1655 693 1797 740 super-

148 741 293 780 ficiem
315 741 354 780 &
377 741 592 780 Centrum
614 741 764 780 Terrae
787 741 1078 780 diuerfitatem
1105 743 1257 790 (quam
1280 744 1531 782 Parallaxin
1554 745 1701 784 Graeci
1724 759 1797 785 vo-

82 808 113 834 ιο
149 795 265 842 cant)
291 794 584 840 exhibentem,
615 797 691 843 qui
716 807 805 842 quo
830 797 973 833 maior
998 795 1137 840 fuerit,
1168 808 1221 834 eo
1247 809 1314 835 res
1339 797 1427 836 visa
1452 798 1596 837 Terris
1621 803 1799 848 propior

149 848 325 894 accedit,
346 860 435 897 quo
455 860 561 887 vero
582 850 740 893 minor,
762 860 814 887 eo
835 849 934 897 plus
954 855 1219 893 remouetur,
1244 851 1383 889 donec
1404 852 1581 900 Angulo
1602 852 1698 897 hoc,
1722 865 1798 901 per

149 902 387 941 exilitatem
402 902 577 950 prorsus
593 902 892 946 euanescente,
910 903 1122 941 immensa
1138 910 1269 951 atque
1286 906 1688 952 improportionalis
1705 908 1797 945 red-

149 956 276 995 datur
297 955 508 1001 distantia,
532 955 651 1004 quod
674 958 720 994 in
744 955 915 995 Otftaua
938 956 1121 1004 Sphaera
1143 959 1255 995 inter
1278 957 1432 996 Stellas
1453 958 1582 997 Fixas
1605 960 1797 998 absolute

149 1011 368 1058 contingit.
391 1009 477 1048 Eas
497 1011 616 1048 enim
635 1015 852 1057 quantum
868 1021 895 1048 a
910 1010 1037 1048 nobis
1053 1016 1367 1049 remoueantur
1384 1023 1406 1049 e
1422 1011 1570 1050 Terrae
1588 1012 1796 1052 Semidia-

81 1076 111 1102 15
147 1067 286 1102 metro
296 1063 511 1111 colligere,
522 1075 623 1102 cum
632 1068 723 1101 tota
732 1063 819 1101 illic
829 1075 920 1101 non
930 1063 1122 1102 obtineat
1132 1066 1427 1102 incurrentem
1436 1065 1623 1104 sensibus
1633 1071 1798 1115 magni-

147 1116 356 1162 tudinem,
368 1117 621 1165 impossibile
634 1116 705 1161 eft;
721 1117 797 1155 esse
810 1122 959 1155 tamen
971 1128 1045 1155 eas
1056 1117 1184 1165 supra
1196 1117 1371 1156 Saturni
1385 1118 1711 1164 Reuolutiones,
1724 1124 1798 1168 qui

148 1176 365 1219 quantum
380 1170 500 1209 distet
515 1182 569 1209 ex
584 1175 789 1209 motuum
804 1170 972 1218 legibus
989 1170 1243 1218 cognoscere
1261 1171 1400 1215 datur,
1417 1172 1515 1210 satis
1532 1173 1703 1212 constat.

200 1223 318 1263 Licet
332 1235 438 1263 vero
454 1224 551 1263 haec
567 1224 867 1263 Parallaxium
884 1224 1287 1272 Distantiarumque
1304 1225 1583 1270 mensuratio,
1603 1229 1648 1264 in
1664 1227 1799 1266 tribus

147 1277 440 1326 superioribus
451 1278 642 1317 Planetis
658 1280 732 1316 vix
748 1277 896 1316 locum
912 1280 1122 1322 inueniat,
1140 1278 1196 1316 ob
1213 1281 1433 1326 ingentem
1451 1291 1605 1317 eorum
1618 1292 1644 1318 a
1655 1280 1799 1319 Terris

147 1333 454 1376 remotionem;
476 1343 578 1380 quae
594 1331 887 1370 diuerfitatem
903 1331 1018 1370 hanc
1035 1332 1277 1370 admodum
1294 1335 1497 1380 exiguam
1519 1333 1668 1378 reddit,
1690 1346 1798 1382 prae-

147 1384 290 1424 sertim
304 1387 351 1424 in
367 1385 570 1430 Saturno,
587 1385 659 1424 vbi
674 1387 847 1424 tertiam
863 1387 1022 1423 minuti
1037 1390 1206 1433 partem
1222 1388 1295 1423 vix
1311 1386 1494 1433 superat,
1515 1393 1709 1425 attamen
1725 1389 1798 1426 ad-

147 1437 284 1478 hibito
300 1437 874 1484 exafflssim01nstrumentQ
892 1439 1010 1486 quod
1027 1438 1245 1486 aliquotas
1260 1442 1418 1477 minuti
1434 1446 1577 1487 partes
1593 1440 1799 1480 subtiliter

147 1492 321 1538 dirimit,
338 1492 377 1531 &
392 1492 474 1531 has
485 1493 750 1537 Parallaxes,
764 1493 912 1540 quoad
924 1492 1019 1530 fieri
1030 1492 1175 1540 potest,
1189 1495 1375 1540 experiri
1387 1493 1545 1537 licebit;
1562 1494 1797 1541 praesertim

146 1547 193 1584 in
217 1546 376 1592 Marte,
402 1546 582 1595 quando
607 1546 915 1595 Acronychius
941 1546 1008 1590 est,
1037 1548 1161 1584 cuius
1187 1558 1265 1594 ego
1292 1546 1542 1585 Parallaxes
1567 1548 1798 1595 aliquoties

77 1611 111 1637 25
148 1601 262 1639 circa
275 1600 320 1639 id
334 1599 567 1648 Temporis
587 1600 814 1648 diligenter
835 1599 873 1637 &
893 1599 1068 1647 praecise
1088 1599 1318 1637 demensus
1339 1599 1444 1643 sum,
1467 1612 1555 1648 quo
1576 1601 1796 1645 constaret.

91 1655 112 1687 ‘¹'
148 1664 207 1692 an
226 1665 396 1702 pernox
415 1652 554 1693 factus
569 1653 718 1692 Terrae
739 1653 829 1701 ipso
846 1653 946 1692 Sole
965 1655 1145 1701 propius
1167 1654 1639 1702 admoueretur,.prout
1660 1655 1797 1703 ponu-

148 1706 208 1746 lat
225 1707 512 1756 Coperniana
530 1713 625 1746 tum
646 1710 779 1746 etiarn
800 1707 942 1745 nostra
963 1706 1240 1755 Hypothefis‚
1263 1719 1351 1755 qua
1371 1719 1416 1745 re
1438 1710 1797 1747 conuenientiore

148 1760 258 1806 loco,
275 1761 380 1809 quid
396 1763 658 1806 inuenerim,
675 1760 972 1800 manifestabo.

197 1814 253 1861 Jn
268 1814 369 1854 Sole
387 1820 537 1854 autem
552 1814 805 1854 Parallaxes
824 1814 912 1853 illae
933 1825 1024 1852 non
1045 1814 1286 1852 admodum
1307 1813 1402 1852 sunt
1422 1816 1796 1863 imperceptibiles,

79 1879 114 1906 ³0
149 1879 250 1906 cum
264 1873 390 1908 terna
404 1870 576 1907 minuta
589 1871 712 1907 iuxta
724 1868 1017 1906 Horizontem
1029 1867 1289 1915 compleant.
1307 1867 1526 1914 Quamuis
1542 1870 1587 1906 in
1604 1868 1686 1907 hoc
1704 1872 1797 1908 eius

62 1926 126 1959 415
149 1920 323 1961 aTerra
333 1922 532 1961 distantia
542 1934 620 1970 per
631 1921 818 1970 Eclipses
830 1917 1063 1971 Luna-ures
1077 1923 1290 1968 promtius
1303 1920 1484 1959 &tutius
1497 1929 1795 1966 concernatur,

149 1980 193 2014 vt
207 1975 262 2014 ab
277 1975 531 2015 Artificibus
550 1974 793 2015 faciitatum
814 1975 886 2019 est;
907 1980 1038 2022 atque
1059 1974 1162 2012 hinc
1182 1976 1326 2022 potius
1345 1977 1439 2013 eius
1455 1976 1672 2013 viceversa
1688 1977 1795 2014 deri-

149 2034 309 2068 uentur
324 2029 588 2073 Parallaxes,
610 2041 721 2078 quas
742 2041 843 2067 cum
864 2028 1101 2067 obseruatis
1123 2039 1374 2076 congruere,
1396 2040 1495 2066 mea
1516 2041 1586 2067 me
1603 2029 1796 2076 saepenu-

77 1343 112 1420 4&

148 2093 271 2121 mero
287 2083 531 2122 docuerunt
546 2083 847 2122 Instrumenta.

79 2147 113 2173 3⁵
201 2135 270 2175 Sic
286 2148 431 2185 neque
447 2139 493 2175 in
509 2137 735 2176 Mercurio
753 2136 790 2174 &
806 2136 990 2179 Venere,
1009 2135 1187 2182 quando
1204 2134 1348 2173 Terris
1365 2138 1733 2183 appropinquant,
1755 2138 1796 2174 id

148 2194 360 2229 attentare
380 2190 555 2239 prorsus
575 2191 954 2238 superuacaneum
976 2189 1081 2231 esset,
1106 2188 1183 2226 nifi
1206 2194 1308 2226 tunc
1332 2189 1572 2227 admodum
1590 2189 1679 2228 Soli
1700 2202 1796 2237 pro·

148 2245 314 2292 pinqui,
330 2243 433 2283 huic
449 2243 821 2283 animaduersioni
838 2242 1195 2281 commoditatem
1211 2242 1540 2289 praecluderent.

196 2296 218 2343 J
221 2308 251 2335 n
262 2297 390 2336 Luna
400 2303 550 2336 autem
562 2300 765 2336 omniurn
776 2299 968 2335 maxime
981 2295 1185 2333 notabilis
1195 2295 1250 2333 est
1260 2296 1540 2334 Parallaxeos
1552 2296 1796 2339 infinuatio,

148 2361 202 2389 eo
213 2351 331 2399 quod
342 2351 439 2390 haec
450 2351 595 2390 Terris
608 2353 754 2390 citima
766 2351 821 2389 ad
834 2352 927 2388 eius
940 2349 1324 2388 Semidiametrum
1336 2349 1462 2387 valde
1475 2350 1797 2397 perceptibilem

79 2414 112 2440 4ο
148 2403 342 2444 obtineat
361 2407 618 2444 remotionis
638 2406 982 2453 proportionem,
1004 2403 1115 2441 adeo
1137 2409 1179 2440 vt
1200 2403 1450 2441 Parallaxes
1472 2415 1796 2450 nonnunquam

147 2458 314 2506 integro
329 2459 467 2507 gradu
483 2461 674 2498 maiores
690 2458 900 2500 admittat,
917 2463 960 2495 vt
976 2456 1121 2504 postea
1133 2467 1209 2503 per
1221 2458 1688 2504 experimentationern
1701 2468 1795 2504 pro-

146 2509 360 2550 habimus.

1703 2563 1795 2599 Nos
