2164 3246
407 205 1065 248 PROGYMNASMATUM
1088 211 1395 251 SECUNDA
1418 214 1568 253 PARS
1739 215 1815 254 407

170 317 355 355 Lunaris
380 314 666 353 concauitatis
691 313 1028 361 elongationem,
1059 319 1339 357 necessarium
1364 323 1454 364 erit,
1483 327 1526 359 vt
1550 323 1595 359 in
1621 324 1815 361 maxima

83 378 146 410 453
169 368 411 408 Altitudine
426 366 633 415 Auguftae
649 366 980 407 Vindelicorum
1001 367 1015 420 ΙΙ
1036 372 1158 409 iuxta
1179 372 1224 410 H
1245 372 1461 412 intelledta
1481 380 1588 422 part.
1605 375 1667 413 76.
1687 374 1711 423 l.
1729 376 1813 418 345.

169 421 395 471 Angulum
415 420 557 459 KHA
577 419 859 459 Parauaxeos
881 422 1069 462 effecerit
1091 423 1116 472 l.
1134 426 1187 463 15.
1207 424 1249 472 ll.
1267 426 1320 464 21.
1342 428 1398 464 At
1420 427 1490 465 hic
1511 429 1555 465 in
1575 428 1723 467 Dania
1744 429 1813 467 vbi

169 475 310 515 nostra
329 474 460 513 fiebat
476 472 736 512 obseruatio
752 475 799 511 in
814 475 1057 515 Altitudine
1073 478 1124 516 84
1140 481 1330 525 partium
1349 483 1545 527 proxime
1563 482 1617 519 ad
1635 482 1650 519 I
1668 483 1813 521 euadit

118 543 133 569 5
169 528 370 578 Angulus
385 527 498 566 KIA
516 525 541 574 l.
554 527 590 565 6.
605 525 648 574 ll.
662 526 725 570 43,
742 527 994 568 Parallaxin
1010 533 1054 568 in
1071 530 1271 578 suprema
1288 533 1528 571 Altitudine
1546 535 1812 574 mensurans.

166 2073 378 2127 Estjigitur
397 2077 626 2116 discrimen
642 2077 860 2125 Vtriusque
878 2076 1013 2115 ferme
1031 2077 1093 2114 M.
1111 2077 1146 2115 9.
1168 2078 1313 2124 Atque
1335 2078 1379 2113 in
1400 2083 1569 2114 tantum
1587 2076 1717 2114 Stella
1739 2075 1809 2113 hic

165 2131 342 2178 propior
357 2130 465 2169 Polo
480 2131 738 2179 apparuisset
755 2132 867 2169 circa
880 2131 1127 2168 Maximam
1140 2130 1441 2171 Altitudinem.
1459 2141 1593 2176 quam
1606 2128 1810 2176 Augustae

165 2181 495 2223 Vindelicorum
514 2184 544 2222 fi
564 2186 678 2223 eirca
693 2184 925 2222 Terminos
947 2184 1133 2221 Lunaris
1152 2183 1347 2230 Sphaerae
1369 2183 1573 2223 extitisset;
1596 2182 1641 2220 Id
1663 2188 1810 2219 autem

166 2235 418 2276 nullatenus
431 2249 508 2286 per
520 2237 885 2277 Obseruationem
897 2236 1232 2284 depraehensum
1244 2236 1310 2274 est.
1329 2236 1447 2273 Nam
1460 2235 1708 2273 Declinatio
1721 2236 1809 2272 Au-

79 2293 143 2327 454
165 2288 294 2338 gustae
308 2295 400 2330 tam
410 2293 457 2330 in
468 2291 672 2330 Maxima
684 2303 819 2339 quam
832 2291 1023 2329 Minima
1035 2286 1311 2339 Altitudi-ssne
1329 2289 1407 2326 fuit
1423 2295 1529 2336 part.
1542 2289 1595 2326 61.
1609 2291 1712 2326 min.
1726 2289 1810 2329 471.

165 2341 352 2391 ideoque
373 2344 572 2383 distantia
587 2356 614 2383 a
630 2345 737 2383 Polo
757 2350 864 2392 part.
882 2344 944 2382 28.
965 2345 1068 2381 min.
1087 2343 1162 2386 121..
1184 2350 1226 2380 vt
1247 2349 1377 2380 antea
1398 2343 1702 2380 indicauimus.
1726 2341 1810 2378 Hic

165 2406 270 2435 vero
290 2396 363 2436 etsi
382 2397 673 2436 Altitudinem
694 2398 839 2437 Stellae
862 2399 1104 2435 maximam
1128 2397 1183 2434 ob
1207 2396 1479 2434 Instrumenti
1504 2393 1716 2433 defeetum
1741 2395 1810 2431 de-

165 2451 307 2488 metiri
325 2462 418 2489 non
440 2451 572 2496 licuit.
595 2457 744 2490 tamen
766 2463 818 2490 ex
839 2451 1037 2489 distantia
1057 2462 1083 2488 a
1104 2450 1247 2488 Polari
1269 2449 1413 2491 Stella,
1438 2451 1548 2486 circa
1571 2450 1809 2486 maximam

165 2513 342 2551 quoque
351 2504 644 2544 Altitudinem
653 2505 879 2553 diligenter
889 2504 1127 2551 explorata.
1140 2504 1255 2541 idem
1266 2505 1310 2540 in
1321 2503 1437 2540 hunc
1448 2502 1628 2539 modum
1639 2501 1809 2589 patebSit.

1783 2561 1809 2588 lt
