2164 3246
375 209 1034 251 PROGYMNASMATUM
1056 212 1364 254 SECUNDA
1385 216 1536 257 PARS
1717 221 1784 259 431

135 321 214 358 ties
224 317 339 356 hanc
351 317 572 356 excedere.
590 317 831 357 Verisimile
843 326 992 358 tamen
1004 319 1070 364 est,
1087 320 1296 367 quasdam
1308 326 1530 372 praecipua
1543 329 1783 373 quantitate

135 371 298 415 visibili,
316 370 354 409 &
370 371 570 409 Luminis
581 375 888 420 praerogatiua,
906 379 1084 411 caeteras
1097 374 1287 413 eiusdem
1300 377 1464 416 ordinis
1476 380 1783 419 antecellentes

136 424 305 473 (quales
319 423 416 462 sunt
428 423 565 463 Canis
581 427 736 470 maior,
753 432 885 473 atque
902 426 1032 474 Lyra)
1050 427 1291 466 dummodo
1309 432 1470 477 aequali
1487 444 1587 470 cum
1604 434 1782 481 reliquis

135 477 269 518 absint
289 477 499 522 distantia,
522 477 752 526 aliquanto
772 482 963 518 maiores
984 480 1176 519 existere:
1202 482 1264 520 Ita
1284 490 1327 521 vt
1348 496 1438 521 non
1458 486 1646 524 multum
1668 487 1781 531 defit,

82 545 99 571 ⁵
135 533 242 580 quin
257 533 419 570 centies
434 530 583 570 Terrae
603 532 768 570 molem
787 534 1014 571 excedant:
1038 533 1169 580 Quod
1190 535 1262 573 fiet
1283 536 1311 573 fi
1333 548 1486 576 earum
1503 539 1781 578 Diametrum

134 590 419 634 apparentem
435 590 592 632 quarta
608 587 775 624 circiter
791 593 912 634 parte
926 589 1055 625 vnius
1068 588 1179 625 Min.
1192 591 1406 628 maiorem
1423 592 1779 640 assumpserimus.

134 638 202 678 Sic
221 640 354 677 etiam
373 637 461 677 111ae
482 649 583 686 quae
604 640 716 677 inter
736 639 891 678 Stellas
913 643 1041 688 primi
1062 640 1244 680 honoris
1267 645 1458 682 minores
1480 654 1703 693 apparent,
1728 648 1780 685 de

133 691 304 731 duobus
323 691 409 730 illis
430 691 543 730 Min.
563 698 767 740 quartam
784 696 914 732 vnius
935 696 1192 740 amittentes,
1214 695 1349 734 Terra
1370 709 1460 735 non
1481 699 1669 737 multum
1689 712 1779 739 ma-

133 747 246 784 iores
260 745 312 784 45
328 744 629 784 censebuntur.

67 811 98 838 ιο
185 798 339 838 Stellas
359 798 621 838 SECVNDI
643 799 897 844 ORDINIS‚
922 812 975 838 ex
996 803 1047 849 ijs
1069 802 1340 848 potissimum,
1363 816 1463 851 quae
1485 808 1650 844 caeteris
1671 818 1778 854 prae·

133 853 337 897 eminent,
353 854 400 891 in
414 852 492 891 sua
506 851 660 890 visibili
672 853 902 892 Diametro
920 857 1141 893 continere
1159 855 1277 902 quafi
1294 856 1618 904 sesquialterum
1631 860 1779 898 Minu—

131 911 237 951 tum,
253 906 564 944 animaduerti:
582 906 646 945 Ita
656 912 700 944 vt
716 906 746 944 fi
761 909 856 955 pari
868 908 1001 945 modo
1014 920 1039 946 a
1051 907 1195 946 Terris
1207 909 1358 948 distare
1373 911 1779 959 praesupponantur,

132 970 285 998 earum
301 970 408 998 vera
423 959 652 998 Diameter
672 959 983 1008 complectatur
1004 967 1088 999 tres
1104 961 1252 1000 Terrae
1274 963 1524 1003 Diametros
1545 978 1645 1003 cum
1662 968 1714 1011 ὰ,
1737 974 1780 1005 vt

131 1011 178 1052 fit
195 1015 420 1061 proportio
436 1012 717 1052 Dimetientis
738 1025 892 1052 earum
909 1015 964 1052 ad
980 1014 1127 1053 Terrae
1145 1015 1469 1061 Dimetientem.
1492 1019 1633 1066 qualis
1655 1019 1709 1057 est
1729 1021 1779 1059 55

65 1078 97 1105 1⁵
132 1066 188 1106 ad
207 1066 261 1106 18.
282 1065 501 1115 Superant
519 1068 668 1114 itaque
689 1066 838 1106 Terrae
859 1068 1023 1106 molem
1046 1068 1114 1108 283
1141 1072 1355 1116 proxime:
1381 1071 1476 1109 licet
1497 1073 1680 1120 Antiqui
1704 1085 1778 1112 eas

132 1119 412 1158 existimatint
426 1122 640 1169 nonagies
654 1120 792 1159 Terra
807 1123 1010 1159 maiores.

183 1171 411 1212 TERTIAE
433 1173 888 1213 MAGNITVDINIS
910 1174 1065 1213 Stellas
1088 1175 1222 1214 sentio
1244 1178 1461 1224 complere
1482 1180 1527 1216 in
1549 1178 1776 1218 Diametro

130 1225 282 1265 visibili
297 1226 362 1265 M.
377 1226 405 1271 1,
426 1226 465 1265 &
484 1227 620 1276 paulo
641 1228 747 1276 quid
762 1228 885 1273 vltra,
907 1228 1026 1275 quasi
1049 1231 1083 1268 1¹25
1101 1229 1264 1267 Minuti
1281 1236 1464 1277 partem:
1487 1233 1619 1270 modo
1641 1232 1775 1280 splen-

130 1279 320 1319 didiores
338 1282 451 1319 inter
470 1280 552 1320 has
572 1281 866 1329 respiciantur.
892 1282 1130 1320 Continent
1154 1285 1300 1330 itaque
1325 1285 1510 1322 eandem
1534 1285 1776 1324 obtinentes

60 1345 96 1372 20
129 1336 432 1379 remotionem,
449 1334 704 1373 Diametros
719 1334 868 1373 Terrae
885 1335 927 1375 22,
948 1338 1128 1374 circiter:
1152 1336 1304 1383 Estque
1321 1340 1544 1385 proportio
1561 1338 1775 1377 Diametri

129 1386 318 1433 illarum,
334 1387 478 1436 qualis
491 1388 544 1427 20
554 1388 611 1427 ad
622 1389 658 1427 9.
675 1388 801 1427 Vnde
817 1388 1021 1437 superant
1032 1389 1179 1428 Terrae
1194 1389 1389 1428 Globum
1406 1392 1437 1428 ll
1450 1391 1584 1429 ferme
1597 1393 1773 1431 vicibus.

129 1439 262 1488 Quod
276 1441 484 1489 Antiquis
499 1441 736 1490 putabatur
752 1442 803 1481 72
819 1442 1071 1490 adimplere.

181 1493 428 1542 QVARTAE
448 1495 903 1534 MAGNITVDINIS
929 1495 1082 1534 Stellas
1104 1504 1257 1544 reputo
1282 1499 1293 1536 4¹
1318 1500 1446 1535 vnius
1467 1498 1630 1536 Minuti
1650 1511 1774 1537 occu-

128 1559 245 1596 pare.
265 1547 392 1587 Vnde
411 1548 561 1588 Terrae
582 1549 863 1588 Diametrum
883 1550 943 1589 12⁷⁷}
963 1552 1008 1587 in
1030 1550 1146 1588 Orbe
1163 1550 1341 1588 Stellato
1362 1551 1633 1590 subtendunt.
1655 1553 1709 1590 Vt
1729 1552 1774 1590 fit

59 1612 94 1639 2⁵
128 1603 239 1640 ratio
254 1600 588 1641 Diametrorum
608 1603 752 1651 qualis
773 1603 827 1641 est
846 1603 869 1641 3
886 1603 942 1641 ad
957 1603 982 1641 2
997 1603 1098 1647 sere,
1120 1605 1164 1641 in
1186 1606 1466 1651 proportione
1487 1604 1772 1652 sesquialtera.

128 1653 278 1702 Quare
299 1654 437 1695 Terra
460 1656 755 1704 sesquiquater
778 1659 969 1695 maiores
994 1659 1270 1704 prouenient:
1297 1657 1524 1696 Veteribus
1550 1670 1624 1696 eas
1649 1661 1772 1706 quin-

129 1710 307 1758 quagies
323 1715 478 1757 quater
493 1709 609 1748 hanc
625 1710 834 1748 excedere
852 1711 1144 1757 opinantibus.

180 1761 387 1810 QVINTI
404 1762 648 1802 ORDINIS
664 1763 822 1808 Stellae,
843 1775 944 1802 meo
960 1764 1134 1807 iudicio,
1156 1764 1385 1801 dimidium
1402 1764 1650 1812 scrupulum
1667 1766 1772 1804 obti-

127 1820 243 1861 nent,
263 1817 324 1855 ita
337 1821 383 1855 vt
397 1816 533 1865 paulo
548 1817 660 1865 plus,
682 1829 817 1865 quam
833 1829 967 1855 vnam
983 1817 1131 1855 Terrae
1148 1817 1425 1855 Diametrum
1442 1819 1687 1865 adaequent,
1709 1818 1771 1856 fit-

57 1879 92 1906 30
127 1880 212 1917 que
222 1872 460 1918 proportio,
472 1870 616 1919 qualis
628 1870 683 1909 est
694 1871 746 1909 50
757 1871 813 1909 ad
824 1871 887 1909 49.
903 1870 1135 1909 Includunt
1147 1873 1293 1918 itaque
1305 1870 1452 1908 Terrae
1464 1871 1770 1919 globositatem,

127 1922 202 1963 11¹⁸:
225 1923 343 1962 Licet
362 1923 473 1963 alias
494 1936 548 1963 ex
567 1924 779 1963 sententia
798 1925 1097 1972 Antiquorum
1117 1924 1300 1962 tricesies
1323 1924 1457 1962 sexies
1480 1924 1562 1962 hac
1583 1927 1771 1963 maiores

126 1975 401 2016 aelh‘mentur.

178 2029 324 2069 Steuae
347 2030 555 2070 SEXTAE
581 2030 992 2078 QVANTITATIS,
1019 2042 1118 2078 quae
1144 2033 1254 2068 inter
1280 2042 1365 2073 eas,
1393 2043 1501 2078 quas
1522 2031 1770 2069 Astronomi

125 2082 400 2129 denotarunt,
416 2087 616 2124 minimae
631 2085 740 2129 sunt,
756 2087 928 2123 tertiam
944 2090 1111 2132 partem
1128 2086 1257 2122 vnius
1270 2084 1445 2127 Minuti,
1463 2096 1550 2132 quo
1567 2085 1621 2122 ad
1639 2096 1769 2132 appa—

56 2146 90 2173 35
125 2138 324 2182 rentiam,
347 2138 556 2177 obtinent.
580 2138 730 2185 Quare
751 2138 887 2176 Terra
907 2138 1134 2185 aliquanto
1158 2140 1350 2175 minores
1371 2138 1768 2185 deprehenduntur.

125 2189 231 2229 Non
241 2193 362 2229 enim
371 2192 562 2230 multum
573 2192 685 2230 vltra
697 2194 716 2231 3
727 2192 779 2230 de
793 2194 886 2230 eius
899 2191 1128 2229 Diametro
1140 2191 1412 2234 subtendunt,
1429 2193 1488 2229 ita
1499 2198 1542 2228 vt
1559 2191 1597 2228 se
1612 2191 1770 2229 habeat

38 2246 102 2281 483
125 2242 388 2284 dimetientis
408 2241 423 2296 ΙΙ
444 2257 599 2285 earum
619 2247 730 2284 ratio
752 2246 807 2284 ad
829 2245 1141 2283 Dimetientem
1161 2244 1309 2282 Terrae
1333 2251 1460 2291 prout
1481 2246 1521 2282 15
1542 2245 1596 2282 ad
1618 2244 1678 2282 22.
1705 2245 1769 2282 En

124 2297 252 2345 igitur
265 2297 414 2337 Terrae
431 2299 605 2338 Globus
620 2299 706 2337 illis
721 2305 784 2337 ter
800 2299 888 2336 fere
906 2301 1064 2336 maior:
1086 2304 1179 2336 vtut
1195 2298 1249 2336 ab
1266 2298 1609 2336 Antecessoribus
1629 2299 1769 2344 prodi-

124 2354 218 2389 tum
236 2350 295 2397 fit,
316 2363 391 2391 eas
410 2352 466 2391 ad
486 2355 723 2391 minimum
743 2352 886 2391 decies
906 2352 1041 2390 sexies
1057 2351 1247 2390 terrestre
1265 2363 1422 2398 corpus
1439 2351 1514 2389 sua
1531 2353 1768 2398 quantitate

55 2413 90 2440 40
124 2413 377 2452 exuperare.

176 2456 228 2496 In
246 2456 365 2497 hunc
384 2458 521 2498 ferme
541 2460 726 2498 modum
746 2459 786 2498 se
808 2459 1013 2497 exhibent
1034 2457 1283 2496 Affixarum
1306 2464 1395 2496 tam
1417 2457 1611 2498 vifibiles,
1636 2459 1768 2503 quam

124 2521 240 2550 verae
248 2513 585 2561 magnitudines,
597 2519 726 2561 prout
737 2513 870 2551 modo
881 2512 1188 2555 recensuimus,
1201 2518 1417 2559 quatenus
1427 2514 1471 2549 in
1482 2518 1617 2601 cegtas
1629 2511 1767 2570 classes

1560 2571 1767 2610 ntiquttus
