2164 3246
398 186 1057 226 PROGYMNASMATUM
1079 186 1391 226 SECUNDA
1413 187 1564 226 PARS
1731 188 1809 227 347

158 296 228 344 (de
240 306 329 343 quo
341 293 488 341 antea)
505 293 595 342 post
608 293 845 341 prandium
857 293 1084 332 Machinae
1097 296 1190 332 eius
1203 293 1444 342 spectandae
1456 296 1594 343 gratia
1606 294 1694 334 Rus
1707 307 1807 334 con-

157 350 362 393 cessimus‚
383 359 485 396 quae
501 347 564 385 illi
579 358 743 395 magna
758 358 859 385 cum
875 347 1166 386 admiratione
1188 348 1440 395 perplacuit,
1462 348 1713 387 incredibile
1731 349 1807 387 du-

157 414 258 441 cens
277 407 446 440 tantam
465 400 631 439 molem
651 402 698 438 in
718 400 830 439 adeo
852 403 1066 439 concinne
1088 401 1359 440 elaboratam
1380 401 1568 440 formam
1590 402 1715 440 educi
1731 414 1806 450 po·

155 456 284 496 tuisse.
301 455 604 502 Hortatorque
620 453 712 498 fuit,
729 460 773 492 vt
789 454 841 492 de
859 456 953 492 eius
969 453 1177 493 struelura
1191 454 1368 502 vsuque‚
1386 461 1478 493 tum
1496 457 1627 493 etiam
1639 456 1691 494 de
1704 456 1805 494 Sex-

103 524 120 550 5
155 514 274 549 tante
297 509 492 557 quodam
515 508 571 546 ad
593 507 723 546 instar
746 509 852 551 eius,
879 519 1011 555 quem
1034 508 1168 546 modo
1193 508 1387 556 descripfi
1413 509 1519 556 (quo
1545 515 1648 547 tune
1675 511 1806 548 etiam

154 562 322 609 vtebar)
343 561 578 610 compofiti‚
600 561 698 599 licet
719 572 811 599 non
831 561 943 599 adeo
964 564 1123 610 magni!
1146 562 1296 609 aliqua
1314 564 1359 600 in
1375 562 1600 609 publicum
1617 563 1804 601 ederem.

154 617 320 655 Verum
337 626 416 664 ego
432 614 726 659 subticescenS,
743 614 883 653 multa
899 614 937 652 8(
953 615 1020 653 his
1037 615 1164 663 longe
1181 618 1352 654 maiora
1367 614 1712 663 perfeetioraque
1729 616 1805 655 suo

154 675 363 718 tempore,
379 669 409 707 fi
425 669 595 707 Diuina
610 667 779 706 faueret
795 668 1039 713 clementia,
1057 669 1336 713 exantlanda,
1354 671 1505 707 animo
1521 669 1770 708 voluebam.

206 724 353 772 Atque
373 722 470 761 haec
491 724 604 761 circa
620 721 895 760 Instrumenti
914 722 1047 761 huius
1065 722 1361 767 Oecafionem,
1383 721 1653 761 structuram
1674 730 1804 771 atque

88 791 119 817 ιο
154 777 288 816 Vsum
303 775 529 815 sufficiant.
549 776 682 814 Nunc
699 775 852 823 quales
870 775 1209 814 Obseruationes
1225 778 1271 814 in
1287 776 1504 824 propofita
1521 776 1655 815 Noua
1671 776 1804 815 Stella

153 831 270 871 idem
281 828 524 869 antedictus
534 829 700 868 Consul
708 829 988 877 Augustanus
1001 830 1163 868 Paulus
1176 830 1440 868 Hainzelius
1451 841 1527 877 per
1538 829 1620 867 hos
1633 830 1802 868 obtinu-

154 886 244 930 erit,
256 895 521 932 mecumque
533 884 880 927 communicarit‚
893 889 1065 931 tempus
1078 883 1132 921 est
1141 889 1184 921 vt
1196 884 1384 921 indicem
1395 889 1525 931 atque
1536 884 1779 931 expediam.
1788 880 1802 934 ΙΙ

66 1007 130 1041 360
246 998 649 1039 ALTITUDINES
670 998 944 1037 MAXIMAE
965 998 1003 1037 &
1025 999 1277 1037 MINIMAE
1298 999 1361 1037 IN
1383 998 1559 1037 NOUA
1581 998 1711 1037 HAC

325 1061 559 1106 STELLA,
580 1061 765 1100 PROPE
785 1061 1132 1100 AUGUSTAM
1153 1061 1633 1104 VINDELICORUM.

86 1147 116 1173 ,5
368 1124 474 1163 PER
496 1123 930 1171 QUADRANTEM
952 1123 1131 1163 HUNC
1154 1124 1194 1162 14
1216 1123 1588 1167 CUBITORUM,

584 1186 950 1225 DILIGENTER
972 1185 1370 1233 CONQUISITAE.

232 1257 365 1297 NNO
381 1257 488 1297 1572.
505 1257 591 1296 Die
602 1257 643 1296 14
656 1258 937 1296 Nouembris.
956 1258 1066 1296 Hor.
1079 1258 1114 1296 8.
1133 1257 1196 1295 M.
1209 1257 1244 1295 O.
1258 1257 1355 1295 PM.
1372 1257 1452 1295 fuit
1464 1257 1598 1295 Noua
1610 1256 1742 1295 Stella
1755 1259 1801 1294 in

267 1310 521 1414 Meiiidiano
538 1311 668 1359 supra
686 1311 855 1356 Polum,
875 1311 1116 1359 habuitque
1135 1316 1238 1349 tunc
1251 1311 1540 1349 Altitudinem
1558 1312 1800 1348 maximam

81 1431 115 1458 20
203 1418 289 1458 Die
317 1418 360 1457 21
389 1418 582 1457 eiusdem
612 1418 724 1457 Hor.
750 1419 797 1458 7212
821 1418 919 1457 PM.
952 1418 1277 1457 Obseruabatur
1302 1418 1457 1456 eadem
1487 1419 1533 1455 in
1557 1417 1799 1455 Altitudine

149 1474 345 1511 maxima
360 1477 468 1521 part.
485 1472 548 1511 76.
567 1470 592 1521 l.
610 1472 695 1512 3337.

203 1526 288 1565 Die
307 1525 514 1574 sequente
535 1526 664 1564 Hora
685 1526 720 1565 7.
743 1525 806 1564 M.
828 1525 880 1564 28
900 1525 1008 1564 AM.
1030 1525 1114 1563 hoc
1135 1525 1263 1564 Sidus
1281 1525 1467 1563 Nouum
1487 1523 1798 1572 depraehende-

149 1580 276 1619 batur
291 1581 338 1618 in
352 1581 539 1618 minima
554 1579 799 1618 Altitudine
816 1585 924 1627 part.
941 1579 1004 1618 20.
1024 1578 1049 1627 l.
1066 1580 1124 1619 925.

202 1633 287 1672 Die
307 1633 358 1672 26
379 1633 572 1672 eiusdem
593 1633 757 1672 Menfis
774 1633 885 1671 Hor.
903 1634 938 1671 7.
957 1633 1019 1671 M.
1038 1633 1062 1671 8
1078 1632 1166 1681 post
1183 1632 1418 1670 Meridiem
1437 1631 1581 1670 rursus
1602 1633 1798 1669 inuenie-

80 1699 114 1726 25
148 1687 276 1726 batur
290 1686 531 1726 sublimitas
546 1689 743 1726 maxima
758 1692 866 1735 part.
884 1687 946 1725 76.
966 1685 990 1734 l.
1008 1686 1070 1725 34.
1496 1687 1499 1689 ’

201 1740 286 1779 Die
301 1740 497 1789 sequenti
513 1741 625 1779 Hor.
642 1741 678 1780 7.
696 1740 760 1779 M.
775 1741 799 1779 6
815 1740 1175 1783 Antemeridiem,
1193 1738 1488 1778 annotabatur
1504 1740 1549 1776 in
1566 1740 1712 1776 citima
1727 1738 1797 1776 de-

148 1793 338 1833 cliuitate
353 1800 462 1843 part.
479 1794 542 1833 20.
561 1793 587 1843 l.
604 1795 663 1834 9³¹5.

200 1847 378 1887 ANNO
399 1848 506 1887 1573.
528 1847 682 1886 Mense
704 1848 925 1886 Ianuario.
948 1847 1032 1886 Die
1049 1847 1084 1885 3.
1103 1847 1213 1885 Hor.
1231 1847 1266 1884 4.
1285 1846 1348 1884 M.
1370 1845 1420 1884 23
1437 1845 1796 1887 Antemeridiem,

148 1906 239 1941 erat
254 1903 349 1941 eius
364 1901 563 1940 Altitudo
579 1904 766 1940 minima
781 1907 889 1949 part.
906 1901 969 1939 20.
989 1900 1013 1949 l.
1031 1901 1089 1941 935.

77 1966 112 1993 3ο
199 1954 284 1994 Die
304 1955 329 1994 4
349 1955 542 1994 eiusdem
559 1955 723 1995 Horat}
748 1955 845 1993 PM.
863 1954 1084 1993 obtinebat
1102 1954 1409 1992 Eleuationem
1425 1952 1671 2000 supremam
1689 1958 1794 1999 part.

147 2007 333 2101 761311ἒέ
353 2062 518 2111 Martij.
542 2062 653 2101 Hor.
675 2062 711 2100 Ο.
737 2062 800 2100 Μ.
822 2062 873 2100 26
898 2061 1005 2099 AM.
1032 2061 1111 2099 fuit
1136 2063 1181 2098 in
1205 2062 1391 2098 minima
1416 2059 1662 2097 decliuitate
1688 2064 1783 2107 part

146 2114 208 2154 20.
227 2114 252 2164 Ι.
268 2116 328 2156 93.

199 2168 283 2208 Die
299 2169 341 2208 12
357 2169 550 2208 eiusdem
567 2169 743 2208 Menfis.
762 2168 872 2207 Hor.
886 2168 929 2207 ll.
943 2168 1006 2206 M.
1019 2169 1069 2206 54
1087 2167 1183 2205 PM.
1201 2167 1289 2205 visa
1306 2167 1361 2205 est
1377 2169 1561 2204 minima
1579 2168 1672 2204 eius
1688 2165 1795 2203 Alti-

76 2233 110 2260 ³5
145 2222 251 2261 tudo
266 2228 374 2271 part.
391 2223 454 2262 20.
473 2221 499 2271 l.
516 2223 575 2263 923..

199 2275 382 2315 Collatis
403 2278 531 2325 igitur
551 2276 590 2314 &
610 2278 656 2314 in
677 2278 887 2314 trutinam
903 2277 1068 2314 vocatis
1084 2274 1153 2312 his
1170 2274 1375 2312 omnibus
1393 2272 1795 2313 obseruationibus.

145 2334 235 2368 tam
249 2331 296 2368 in
310 2332 517 2368 maximis
529 2341 664 2378 quam
675 2331 870 2368 minimis
883 2329 1000 2367 Altit.
1014 2328 1381 2376 depraehendetur
1393 2327 1525 2366 Stella
1539 2326 1634 2364 haec
1648 2326 1793 2367 Noua.

146 2393 245 2421 cum
261 2385 307 2421 in
320 2383 574 2422 Meridiano
590 2383 719 2431 supra
731 2383 887 2421 Polum
904 2383 1010 2425 esset,
1028 2382 1217 2420 habuisse
1230 2381 1410 2419 Altitud.
1428 2382 1670 2418 maximam
1687 2385 1793 2426 part.

145 2435 207 2474 76.
225 2434 251 2484 l.
267 2436 353 2477 343st
370 2437 391 2483 J
395 2437 422 2476 d
443 2439 562 2475 enim
583 2437 703 2485 quasi
723 2437 1000 2475 intermediat
1018 2435 1356 2474 Obseruationes
1375 2437 1420 2472 in
1438 2433 1656 2471 Nouemb.
1675 2432 1711 2469 8(
1729 2432 1791 2469 Ia—

75 2499 109 2526 40
145 2491 303 2528 nuario
318 2489 464 2529 saetas.

250 2551 300 2576 44·
1633 2539 1792 2577 Citima
