2243 3225
392 196 467 233 302

767 186 1219 228 ASTRONOMIAE
1240 183 1661 223 INSTAURATAE

517 294 815 349 PARAEN
826 291 956 345 ETI
964 286 1910 414 CgaepogsssSTRONOMIAE

585 454 722 493 Tiam
733 451 879 501 strata
898 452 974 490 Via
991 449 1060 499 est,
1077 450 1239 489 multis
1251 449 1388 498 prius
1403 449 1532 488 inuia
1549 447 1715 493 Seclis,

495 458 580 547 Ε
591 508 767 557 Magno
784 505 996 554 equidem
1013 504 1059 543 ἂν
1074 503 1207 553 vigili
1222 503 1409 541 tandem
1426 502 1666 541 exantlata
1680 501 1851 546 labore,

496 561 735 600 Scandere
749 556 962 605 inaccessi
974 557 1115 596 liceat
1130 555 1220 605 qua
1237 555 1442 594 culmina
1462 554 1586 601 Coeli,

495 615 555 652 Et
564 612 762 662 superas
773 613 1025 661 penetrare
1042 610 1216 654 domos,
1233 608 1501 648 habitacula
1516 608 1709 647 Diuum:

496 667 590 706 Seu
606 666 763 704 lubeat
777 666 818 703 F
815 664 932 709 ixas,
954 663 1084 702 Vario
1094 661 1177 711 seu
1195 662 1382 701 tramite
1397 662 1556 700 Motas

495 718 747 769 Designare
762 719 925 763 Faces,
943 715 1220 765 cursumque
1229 713 1456 764 situmque
1467 714 1671 764 probare

498 773 752 816 Sidereum,
765 770 937 819 summi
953 772 1002 808 Vt
1017 767 1221 817 constent
1234 768 1467 807 Miracula
1474 769 1509 818 J
1512 767 1549 808 O
1558 768 1671 807 VAE.

548 827 676 875 Ergo
692 824 818 874 agite
835 824 861 862 6
877 825 1091 867 quenes,
1110 821 1278 871 quibus
1295 819 1356 869 est
1372 821 1510 872 Vigor
1523 820 1662 867 acris,
1680 820 1727 860 ἃ*
1739 821 1864 859 altus

487 877 688 929 Jngenij,
711 877 936 927 Geni'J'que
952 875 1098 921 fauor,
1117 875 1285 924 quibus
1300 874 1476 925 inclyta
1493 874 1551 913 ab
1567 876 1670 913 ortu

503 931 673 970 Vranie
688 930 828 969 Dium
848 929 963 969 Coeli
976 927 1221 978 inspirauit
1234 928 1478 967 Amorem:

495 986 555 1023 Et
571 984 694 1023 dedit
708 982 956 1022 AEthereis
978 983 1166 1021 Terram
1183 992 1240 1020 ac
1256 979 1487 1029 terrestria
1504 991 1701 1030 quaeque

496 1035 793 1085 Posthabuisse
809 1035 962 1075 bonis:
979 1035 1058 1085 qui
1071 1046 1163 1074 non
1182 1034 1433 1074 temeraria
1452 1034 1584 1084 vulgi

487 1090 682 1142 Judicia,
701 1092 781 1128 aut
797 1089 989 1128 tetricas
1008 1099 1151 1127 voces
1167 1088 1346 1127 curatis
1361 1087 1565 1127 inertum
1571 1099 1585 1132 ,·

500 1142 717 1192 Obscuris
734 1144 888 1192 talpas
902 1142 1143 1181 mittentes
1159 1142 1331 1192 degere
1347 1141 1395 1179 in
1412 1140 1575 1186 antris,

496 1198 725 1246 Perpetuo
744 1199 793 1235 Vt
808 1206 951 1235 coecae
966 1197 1200 1240 maneant,
1219 1196 1349 1234 velut
1363 1193 1447 1242 esse
1463 1192 1720 1244 cupiscunt,·

497 1251 601 1289 Huc
611 1249 786 1299 spirate
802 1250 999 1294 alacres,
1013 1249 1186 1298 populo
1202 1249 1295 1287 huc
1305 1246 1405 1297 post
1419 1250 1553 1298 terga
1568 1245 1727 1287 relicto

504 1303 700 1348 Tendite,
719 1314 806 1342 nec
822 1303 1041 1347 Mentem,
1061 1313 1166 1351 quae
1176 1312 1295 1351 pars
1310 1299 1373 1349 est
1384 1302 1570 1340 Enthea
1589 1300 1714 1346 Coeli,

498 1358 599 1395 Hoc
609 1356 764 1406 patrio
775 1356 962 1405 priuate
979 1355 1116 1401 bono,·
1132 1355 1347 1394 Studium
1364 1357 1504 1404 atque
1518 1354 1726 1393 laborem

497 1411 601 1448 Huc
617 1409 737 1449 ferte
756 1408 1021 1454 Vnamines,·
1037 1407 1142 1456 fesso
1160 1411 1211 1447 vt
1219 1407 1498 1457 succurrere
1514 1407 1638 1457 Regi

497 1462 733 1512 Alphonso
749 1462 899 1508 liceat,
912 1463 1100 1511 pondus
1115 1473 1208 1501 non
1227 1461 1407 1500 viribus
1422 1461 1574 1511 aequis

499 1516 588 1564 Oui
601 1517 736 1555 modo
754 1515 898 1555 vicini
912 1517 1092 1561 tulerat,
1105 1513 1341 1564 successor,
1358 1514 1578 1554 Atlantis.

497 1569 736 1608 Auxilium
748 1567 881 1617 simul
898 1571 948 1607 vt
956 1571 1224 1618 promptum
1244 1568 1530 1617 Copernicus
1546 1567 1718 1618 ingens

499 1623 691 1662 Sentiat.
710 1623 943 1661 Herculeo
958 1633 1017 1661 ne
1036 1623 1143 1660 dum
1154 1620 1205 1670 se
1221 1621 1400 1661 inferre
1415 1621 1565 1660 labori

498 1676 789 1726 Aggreditur
802 1675 964 1721 fidens,
983 1675 1117 1714 oneri
1125 1674 1400 1724 succumbat
1413 1674 1590 1724 iniquo:

499 1729 670 1778 Sicque
686 1729 787 1768 Poli
800 1729 1009 1768 Atlantis
1025 1727 1130 1776 cassi
1142 1728 1417 1778 Alcidaeque
1434 1727 1678 1773 columnis,

490 1784 741 1832 Jngentem
758 1782 851 1820 iam
867 1782 961 1820 iam
978 1785 1201 1821 nutantes
1217 1781 1343 1821 ferre
1358 1781 1543 1820 ruinam

503 1836 749 1885 Cogantur,
773 1836 1054 1885 Terramque
1065 1834 1199 1884 simul
1207 1833 1402 1883 statione
1417 1837 1675 1879 mouentes,

499 1889 742 1927 Barbariae
758 1887 1003 1938 hospitium
1020 1887 1179 1937 (crassa
1195 1888 1463 1939 ignorantia
1483 1888 1599 1928 Coeli
1612 1884 1627 1938 ΙΙ

502 1942 648 1989 Ouam
662 1941 833 1991 pariet)
850 1940 1123 1991 cunctosque
1139 1942 1356 1981 homines
1367 1940 1662 1991 pecudesque
1679 1938 1892 1990 ferasque

508 1995 762 2034 Turbantes
779 1994 885 2043 casu
903 1995 1106 2044 ancipiti,
1125 1994 1353 2044 coecisque
1370 1995 1589 2040 tenebris,

502 2048 796 2097 Antiquoque
814 2049 931 2087 chao
947 2047 1197 2097 miscentes
1214 2049 1334 2087 atria
1350 2048 1526 2087 Mundi.

502 2102 602 2140 Hoc
614 2101 856 2150 prohibete
873 2101 1023 2147 nefas,
1037 2113 1280 2151 pronoque
1297 2101 1528 2141 occurrite
1545 2102 1727 2146 damno,

503 2155 562 2192 Et
575 2165 758 2193 mecum
775 2154 1006 2203 excelsum
1027 2155 1195 2194 validis
1212 2154 1506 2204 conscendite
1525 2154 1773 2204 Olympum

510 2207 706 2251 Viribus,
727 2210 775 2246 vt
791 2207 907 2255 fissas
924 2211 1107 2247 mature
1124 2209 1370 2248 occludere
1386 2208 1546 2253 rimas,

503 2261 563 2298 Et
571 2258 772 2307 stabilire
788 2261 925 2299 nouis
945 2261 1060 2300 Coeli
1074 2262 1315 2310 laquearia
1333 2260 1554 2309 transtris,

505 2314 692 2361 Iamque
705 2314 839 2362 prius
856 2314 1004 2358 liceat,
1024 2326 1161 2363 quam
1179 2315 1401 2354 Machina
1420 2317 1513 2354 tota
1531 2313 1724 2363 fatiscat.

505 2366 678 2414 Ecquis
695 2365 815 2414 adest
830 2367 983 2416 igitur,
998 2369 1212 2416 pulcram
1229 2368 1339 2407 hinc
1355 2367 1563 2416 meruisse
1583 2367 1824 2411 Coronam,

507 2418 682 2463 Obrizo,
698 2420 914 2469 gemmis,
933 2421 1081 2466 ebore,
1101 2421 1146 2459 <ir
1159 2421 1380 2460 rutilante
1391 2432 1584 2471 pyropo,

509 2471 821 2520 Conspicuam,
840 2473 1113 2522 firmamque
1131 2475 1296 2524 magis,
1310 2474 1536 2524 seclisque
1548 2484 1820 2524 perennem,

1959 2523 2049 2573 Oui

2057 305 2120 337 295

2077 832 2107 858 10

2078 1098 2108 1124 15

2077 1364 2109 1390 20

2077 1631 2110 1656 25

2082 2163 2114 2189 35

2083 2429 2115 2455 40
