2243 3225
745 310 1082 379 CAPVT
1112 309 1723 378 SECVNDVM.
2085 341 2142 374 137

408 406 500 450 DE
522 400 939 448 STELLARUM
964 398 1483 450 INERRANTIUM,
1509 397 1660 452 QUO
1683 397 1782 441 AD
1806 397 2056 443 EARUM

459 471 619 510 LOCA
641 469 743 507 IPSI
766 467 941 507 COELO
963 466 1332 506 ADAMUSSIM
1354 465 1668 510 CONGRUA,
1689 465 2004 504 PECULIARI

514 531 790 574 RATIONE,
813 528 1386 575 INSTRUMENTISQUE
1407 527 1737 574 EXQUISITIS
1758 526 1952 566 FACTA

654 591 1095 636 DENOTATIONE‚
1117 590 1318 637 ATQUE
1338 589 1808 628 VERIFICATIONE.
2093 603 2109 629 5

420 674 520 751 G?
544 708 548 712 .
649 680 723 755 ruf>
752 680 970 724 TELLAE,
1000 692 1100 727 quae
1126 679 1282 718 FIXAE
1306 679 1394 717 fiue
1420 677 1805 722 INERRANTES‚
1833 677 1951 725 quod
1975 682 2058 716 tar-

464 790 517 845 (ζ

455 865 483 884 t«

647 716 717 776 (D,
754 734 916 772 dissimo
939 735 1053 777 cieri,
1076 733 1320 780 eodemque
1341 733 1541 770 vnanimi
1561 736 1698 775 motu,
1720 736 1760 769 et
1780 736 1992 779 perpetuo
2011 730 2057 769 fi-

420 742 503 880 ?'
523 771 605 836 [Γ
622 759 725 872 ἧς
753 787 904 825 milem
925 787 980 825 ad
1000 786 1040 824 se
1062 788 1254 824 inuicem
1275 785 1471 824 obtinere
1492 784 1824 832 dispofitionem‚
1846 789 1977 831 atque
1998 784 2058 822 di-

449 806 628 909 'RN-Q
658 841 699 891 ,αἶ
754 841 965 884 stantiam,
991 839 1311 878 animaduersae
1336 838 1426 882 sint,
1453 837 1750 885 appellantur:
1781 836 1870 885 post
1895 837 2058 876 Solaris

423 881 496 948 Pal}-
530 899 618 945 52³(
645 889 726 948 2353
755 893 958 932 curriculi
981 892 1206 940 praecisam
1229 891 1606 940 inuestigationem
1628 892 1675 928 in
1695 890 1975 928 Astronomia
1994 892 2057 929 in·
2096 903 2126 929 10

469 938 523 965 ρ’
605 940 678 964 *9
753 947 998 990 stauranda‚
1020 945 1419 992 constituendaque,
1439 946 1693 992 proximum
1714 943 1752 981 &
1771 943 2058 991 principalem

404 1007 628 1040 merentur
648 1001 807 1039 locum.
830 999 1221 1046 Quemadmodum
1238 1000 1356 1036 enim
1372 998 1459 1036 fine
1480 997 1577 1042 hoc,
1599 1009 1680 1035 nec
1697 997 1801 1041 Illae,
1823 1008 1904 1035 nec
1925 999 2057 1035 etiam

406 1056 610 1093 Erraticae
631 1056 676 1092 in
697 1053 892 1092 debiturn
913 1053 1113 1090 ordinem
1134 1058 1265 1099 atque
1287 1052 1599 1095 Harmoniam,
1623 1050 1759 1098 redigi
1781 1051 1964 1098 possunt:
1988 1049 2057 1089 Sic

405 1111 536 1146 etiam
548 1107 708 1155 absque
720 1106 971 1145 Affixarum
986 1104 1137 1144 exacta
1154 1107 1413 1153 cognitione,
1430 1104 1713 1143 Planetarum
1729 1103 1839 1148 loca,
1856 1108 2057 1142 accurate

405 1162 613 1204 demetiri,
636 1172 728 1199 non
749 1159 1012 1198 conceditur.
1035 1159 1144 1197 Sunt
1165 1161 1284 1197 enim
1304 1158 1376 1196 hae
1392 1157 1575 1196 vifibilia
1596 1157 1803 1205 quaedam
1823 1157 2056 1204 lucidaque
2095 1169 2124 1195 ιε

405 1215 521 1254 Coeli
538 1214 751 1262 Corpora,
768 1213 871 1251 hinc
887 1213 988 1250 inde
1006 1212 1215 1260 disposita,
1233 1223 1260 1250 a
1276 1211 1435 1259 quibus
1451 1216 1666 1258 tanquam
1682 1212 1807 1249 certis
1822 1211 1962 1255 metis,
1983 1210 2056 1248 Er-

405 1270 641 1307 raticarum
657 1267 891 1306 Stellarum
907 1268 1014 1314 varij
1038 1265 1239 1304 transitus
1259 1277 1336 1313 per
1356 1270 1497 1303 totum
1513 1264 1770 1307 Zodiacum,
1791 1269 1883 1302 tam
1902 1265 1949 1302 in
1963 1263 2056 1302 lon-

404 1333 507 1370 gum
528 1333 664 1368 quam
684 1321 835 1363 latum,
857 1319 1088 1357 commode
1110 1319 1428 1362 discernuntur;
1450 1318 1577 1356 Adeo
1593 1324 1637 1356 vt
1653 1319 1729 1365 qui
1745 1316 1832 1355 sine
1849 1317 2057 1355 Fixarum

404 1377 524 1423 prius
541 1374 739 1412 restitutis
755 1374 873 1417 locis,
890 1373 1173 1411 Planetarum
1190 1371 1331 1410 cursui
1343 1383 1548 1410 normam
1560 1371 1758 1419 aliquam
1769 1369 2055 1418 praescribere,

405 1428 684 1475 eundemque
701 1429 896 1465 numeris
913 1426 1116 1464 aemulari
1132 1431 1277 1469 tentet,
1297 1425 1472 1473 quiduis
1489 1425 1659 1473 agendo
1676 1423 1787 1462 nihil
1803 1429 1913 1472 agat.
1936 1423 2056 1470 Quin
2092 1435 2124 1461 20

405 1482 443 1519 &
459 1493 535 1529 per
551 1481 591 1519 se
608 1481 751 1529 dignae
765 1480 873 1524 sunt,
891 1491 1081 1527 quarum
1094 1479 1277 1527 diligens
1289 1478 1327 1516 δι
1338 1478 1518 1526 praecisa
1528 1478 1772 1516 instituatur
1784 1476 2054 1521 Obseruatio,

404 1541 497 1573 tum
520 1535 712 1578 luminis,
739 1534 909 1578 coloris,
935 1533 1261 1581 magnitudinis,
1288 1531 1663 1579 multitudinisque
1687 1530 1725 1569 ἃ
1748 1530 2056 1579 pulcherrimae

405 1591 517 1626 circa
530 1588 782 1626 vniuersum
795 1587 975 1626 Coelum
991 1586 1300 1625 distributionis
1316 1587 1469 1634 gratia:
1487 1591 1580 1623 tum
1597 1587 1730 1623 etiam
1746 1583 1865 1632 quod
1877 1595 1969 1622 non
1979 1583 2054 1622 sal·

404 1648 491 1680 tem
512 1642 566 1680 ad
588 1653 680 1679 rem
696 1641 1047 1679 Astronomicam
1067 1642 1258 1687 penitius
1279 1639 1601 1677 enucleandam
1621 1638 1863 1686 plurimum
1882 1637 2054 1682 faciant,

405 1695 474 1733 sed
486 1695 741 1743 Astrologiae
753 1706 930 1742 quoque
944 1705 1044 1741 quae
1058 1693 1312 1732 Coelestium
1325 1693 1558 1740 Energiam
1575 1691 1797 1734 scrutatur,
1814 1693 1893 1729 rite
1909 1690 2055 1738 quoad
2090 1701 2122 1727 2⁵

406 1751 499 1786 eius
520 1748 613 1786 fieri
635 1748 778 1796 potest,
800 1746 1049 1791 tractandaz
1071 1746 1263 1794 ipsaemet
1280 1758 1371 1784 non
1387 1746 1612 1784 modicum
1627 1744 1826 1793 praestent
1842 1743 2022 1792 subfidij.
2039 1739 2054 1793 ΙΙ

459 1802 756 1849 Praeterquam
774 1803 904 1843 enim.
927 1801 1045 1848 quod
1066 1812 1142 1848 per
1162 1800 1202 1837 se
1219 1802 1365 1838 varios
1381 1799 1562 1846 satisque
1579 1799 1805 1837 euidentes
1825 1797 2055 1836 sortiantur
2081 1801 2138 1834 138

407 1854 600 1897 effectus
613 1855 895 1893 Planetarum
907 1854 1081 1901 insuper
1089 1856 1202 1891 vires
1215 1853 1456 1901 plurimum
1468 1852 1699 1894 stimulant,
1712 1858 1842 1899 atque
1854 1853 1900 1888 in
1912 1849 2055 1889 aetum

407 1909 638 1951 deducunt,
657 1920 758 1946 cum
775 1908 852 1946 [int
863 1913 1077 1955 tanquam
1090 1907 1257 1945 Matres
1270 1906 1324 1944 ab
1336 1906 1404 1944 his
1416 1906 1550 1944 veluti
1563 1905 1761 1944 Patribus
1773 1906 2056 1952 impregnatae

407 1968 537 2009 atque
550 1961 823 2003 faecundatae.
837 1961 1069 2009 Foetusque
1082 1960 1180 1999 suos
1192 1959 1338 1998 versus
1350 1960 1533 1998 Terram
1546 1965 1744 1997 centrum
1754 1957 1954 1996 Vniuerfi
1964 1968 2056 2005 per·
2092 1967 2124 1994 ³0

407 2021 538 2062 petuo
555 2015 697 2053 edant.

461 2069 586 2106 Adeo
603 2069 883 2106 necessarium
895 2074 1025 2115 atque
1038 2067 1313 2115 praestantem
1326 2067 1402 2105 esse
1415 2065 1665 2104 Affixarum
1677 2065 1912 2104 Stellarum
1923 2063 2056 2107 vsum.

408 2124 451 2159 in
477 2122 668 2159 motibus
696 2121 931 2169 praesertim
957 2121 1229 2168 reliquorum
1256 2121 1508 2158 Errantium
1533 2119 1735 2158 Siderum
1760 2116 2058 2166 dignoscendis

409 2175 799 2222 Obseruandisque,
822 2175 858 2212 &
876 2174 1143 2212 Vetustissimi
1163 2176 1326 2221 quique
1344 2173 1709 2211 Astronomorum
1727 2171 1764 2210 &
1782 2172 2056 2210 Recentiores

408 2240 584 2275 quoque
607 2228 703 2266 satis
725 2228 902 2275 quidem
926 2226 1194 2275 perspectum
1218 2227 1430 2268 habuere:
1456 2226 1544 2273 Qui
1565 2232 1714 2264 tamen
1735 2226 1790 2263 ad
1812 2235 1966 2263 earum
1986 2235 2055 2262 ex·
2091 2232 2123 2259 ³3

409 2281 607 2328 quisnam
619 2281 941 2319 Restitutionem
952 2288 1083 2328 atque
1095 2281 1261 2318 caelitus
1273 2281 1507 2328 petendam
1521 2280 1862 2321 denotationem,
1875 2287 2055 2316 manum

409 2346 472 2377 ea.
486 2346 573 2381 qua
586 2337 774 2381 oportuit
788 2334 1009 2372 sedulitate
1020 2341 1150 2381 atque
1161 2333 1428 2372 tractationis
1438 2333 1668 2371 subtilitate
1678 2332 1938 2375 adhibuerit.
1950 2341 2056 2369 non·

409 2389 514 2425 dum
532 2390 574 2425 in
593 2388 825 2435 propatulo
843 2388 908 2425 ess.

463 2442 735 2479 Laborarunt
749 2441 848 2478 sane
858 2441 1034 2478 Veteres
1048 2440 1128 2477 hac
1143 2443 1185 2478 in
1200 2446 1319 2487 parte
1333 2439 1512 2482 strenue.
1527 2439 1762 2487 praesertirn
1775 2436 2057 2476 Timochares

410 2495 493 2536 ille.
514 2496 641 2532 annis
658 2497 823 2532 circiter
839 2495 917 2532 300
933 2500 1033 2532 ante
1052 2493 1270 2531 Christum
1288 2500 1454 2535 natum.
1473 2493 1509 2531 &
1527 2493 1615 2541 post
1633 2493 1756 2531 illum
1775 2489 2057 2582 Ηίῗίρξτὲζιιιε
2092 2498 2123 2525 ⁴⁰

1918 2555 1945 2582 o
1977 2553 2054 2584 ms.
