2248 3298
186 364 339 431 AD
377 361 1233 430 AVGVSTISSIMVM
1279 361 1844 429 IMPERATO-

460 456 607 501 REM
631 456 1078 501 RVDOLPHVM
1103 456 1164 500 ΙΙ.
1188 455 1571 500 HAEREDUM

748 524 1058 563 TYCHONIS
1080 524 1283 562 BRAHE

881 584 1152 616 PRAEFATIO.

387 704 402 720 „
456 670 497 714 ,ἒ
533 667 642 706 PUS
658 666 953 715 posthumum,
970 665 1417 705 AUGUSTISSIME
1435 665 1782 710 IMPERATOR,
1800 668 1846 703 in

428 751 430 753 v
498 761 502 762 ⁷
534 720 812 769 conspectum
829 720 974 759 Sacrae
992 720 1209 758 Caesareae
1227 719 1467 781 Majessatis
1483 719 1594 757 Tuae
1613 730 1732 757 nunc
1751 697 1845 757 11111-

376 767 399 783 “
533 786 646 819 mus,
663 780 794 822 atque
810 774 973 822 inclyto
984 779 1061 812 tuo
1073 775 1245 811 nomini
1258 773 1526 816 dedicamus,
1541 772 1847 811 Astronomica

533 830 619 876 piae
632 827 671 865 8(
682 827 875 866 laudatae
890 829 1120 865 memoriae
1132 827 1330 865 Parentis
1344 826 1474 864 nostri
1488 825 1845 874 Progymnasma-

359 885 365 920 ῥ
388 883 404 893 ’”’
437 928 441 930 ἰ
468 884 497 919 ,⁴3
533 880 1169 929 ta;sedquaeintantamrerum
1178 880 1343 918 molem
1352 880 1619 928 pedetentim
1628 879 1846 918 succreve-

337 931 340 942 '
357 933 360 948 ¹
430 932 435 936 ’
534 937 631 979 rint,
643 940 690 973 ut
701 934 893 982 amplius
905 934 1011 982 quid
1023 934 1079 972 ad
1088 934 1384 972 Posteritatem
1395 933 1697 977 transmittant,
1711 945 1846 980 quam

185 991 332 1030 nudus
341 988 780 1037 Progymnasmatum
788 987 961 1026 Titulus
971 987 1212 1036 pollicetur.
1226 987 1346 1025 Nam
1355 987 1385 1024 fi
1395 999 1596 1034 unquam
1606 987 1722 1031 alibi,
1734 992 1846 1025 certe

185 1047 233 1083 in
247 1044 333 1083 hoc
347 1042 576 1081 volumine
591 1042 843 1080 Horatiana
858 1041 929 1080 lex
946 1043 1144 1090 apprime
1161 1041 1329 1079 servata
1346 1040 1413 1085 est,
1431 1040 1469 1078 &
1485 1041 1594 1079 liber
1609 1042 1655 1078 in
1671 1042 1847 1078 tertium

186 1098 463 1137 novennium
482 1097 573 1134 iam
593 1096 764 1144 pressus.
787 1094 905 1134 Cum
926 1097 1046 1133 enim
1066 1095 1229 1133 Parens
1250 1094 1391 1132 noster
1412 1095 1466 1132 ab
1487 1096 1612 1132 initio
1633 1094 1847 1132 duntaxat

187 1152 240 1192 de
256 1149 519 1191 admiranda
534 1149 611 1187 illa
626 1150 749 1187 Anni
765 1148 1063 1197 septuagesimi
1079 1148 1256 1186 secundi
1272 1148 1405 1186 Nova
1421 1147 1555 1186 Stella
1571 1150 1617 1185 in
1633 1147 1717 1185 hoc
1736 1147 1847 1186 libro

118 1215 150 1241 15
186 1216 328 1254 agere,
344 1209 476 1251 atque
492 1204 539 1241 in
554 1202 746 1241 aliorum
763 1202 815 1241 de
833 1203 988 1240 eadem
1004 1202 1164 1250 placita
1181 1201 1416 1249 disquirere
1434 1201 1688 1245 decrevisset,
1707 1212 1847 1248 eaque

185 1257 451 1305 Vraniburgi
458 1256 592 1305 Typis
603 1258 804 1304 proprijs,
816 1255 969 1294 sensim
981 1256 1020 1294 8(
1031 1256 1087 1294 ad
1100 1255 1284 1293 Domini
1297 1255 1526 1293 arbitrium
1537 1255 1848 1303 progredienti-

185 1313 268 1352 bus
280 1312 437 1359 operis,
453 1309 701 1354 mandaret;
718 1308 893 1353 1315111111,
911 1315 958 1347 ut
974 1311 1141 1347 interea
1152 1321 1244 1347 non
1256 1311 1302 1346 in
1314 1308 1427 1347 Solis
1441 1314 1613 1346 tantum
1630 1308 1848 1346 curriculo

187 1365 243 1405 ad
259 1364 457 1404 amussim
477 1363 757 1407 restituendo;
779 1362 850 1401 sed
867 1362 905 1400 &
922 1362 1159 1401 Stellarum
1175 1363 1385 1400 Fixarum
1405 1362 1512 1400 locis
1533 1364 1649 1400 intra
1666 1364 1848 1400 unicum

187 1419 429 1463 Minutum‚
447 1417 648 1465 adeoque
661 1419 756 1455 eius
767 1416 973 1455 semissem
983 1422 1074 1454 tam
1087 1416 1234 1464 quoad
1246 1416 1428 1464 longum
1441 1427 1576 1463 quam
1588 1416 1728 1454 latum
1739 1427 1848 1463 prae-

110 1480 154 1513 2v
187 1472 405 1516 finiendis,
434 1471 574 1509 Lunae
596 1466 823 1521 de-Hnique
844 1470 1152 1508 intricatissimo
1173 1475 1297 1508 motu
1319 1469 1527 1513 eruendo,
1555 1481 1607 1507 ea
1627 1469 1849 1507 successive

187 1525 438 1576 praestiterit,
460 1530 592 1572 atque
613 1523 717 1562 huic
732 1524 951 1562 volumini
967 1524 1185 1568 adiecerit,
1207 1530 1254 1561 ut
1270 1534 1371 1561 vere
1389 1522 1611 1561 affirmare
1632 1523 1848 1571 possimus,

187 1581 385 1619 materiae
409 1578 615 1627 dignitate
639 1577 801 1616 librum
823 1577 943 1616 1111110
967 1589 1059 1615 11011
1082 1577 1375 1615 Astronomiae
1399 1576 1848 1625 Progymnasmatum,

187 1633 259 1673 sed
282 1633 411 1681 longe
433 1631 741 1680 Augustiorem
764 1631 963 1669 Titulum
984 1631 1193 1669 meruisse.
1221 1631 1370 1678 Opera
1395 1630 1491 1668 1180
1517 1642 1654 1678 quam
1677 1630 1762 1668 alte
1786 1641 1849 1668 re-

189 1687 376 1731 condita,
393 1697 445 1724 ac
460 1685 645 1733 proinde
662 1685 855 1723 altissime
872 1685 1070 1723 eruenda
1085 1684 1226 1729 fuerit,
1244 1696 1469 1732 quamque
1484 1685 1692 1722 incassum
1709 1686 1849 1721 omni-

117 1749 151 1776 2⁵
187 1741 270 1780 bus
285 1745 401 1779 retro
416 1739 570 1778 seculis
582 1750 609 1777 a
619 1740 766 1787 varijs,
783 1740 924 1787 iquue
941 1738 1121 1776 summis
1135 1737 1389 1776 Artificibus
1406 1739 1582 1785 agitata:
1601 1739 1738 1775 cuivis
1755 1749 1848 1785 per-

187 1793 473 1844 pendendum
493 1792 798 1840 relinquimus,
820 1794 895 1840 qui
917 1792 1223 1830 Astronomica
1242 1791 1312 1829 vel
1332 1791 1544 1839 supremis
1565 1791 1698 1829 labris
1719 1791 1848 1839 degu—

187 1847 321 1887 stavit.
355 1847 491 1885 Hunc
516 1846 911 1894 incomparabilem
936 1846 1146 1887 laborem,
1175 1846 1343 1883 invidia
1368 1845 1692 1883 malevolorum
1720 1845 1849 1893 longe

188 1903 418 1950 majorem,
440 1912 541 1938 cum
557 1900 703 1939 Sacrae
721 1899 938 1938 Caesareae
955 1899 1173 1947 Majestati
1189 1899 1312 1941 Tuae.
1335 1899 1536 1946 adeoque
1553 1897 1756 1936 universa
1774 1898 1850 1936 sua

189 1955 343 1995 Studia
354 1954 518 1993 Parens
534 1953 675 1992 noster
690 1953 915 2001 postremis
926 1954 1028 1991 vitae
1041 1954 1170 1991 annis
1187 1952 1424 1995 devoverit,
1441 1963 1523 1990 nos
1539 1951 1739 1990 haeredes
1756 1954 1850 2000 ejus

118 2017 153 2044 30
189 2008 442 2057 superstites,
465 2007 694 2055 postquam
717 2007 790 2045 ille
811 2009 857 2044 in
877 2008 988 2044 vivis
1010 2007 1086 2044 esse
1108 2006 1239 2054 defijt,
1263 2017 1382 2044 nunc
1403 2006 1583 2044 demum
1607 2005 1754 2053 praelis
1777 2006 1849 2044 ab·

188 2062 379 2101 solutum
398 2061 542 2100 eidem
562 2060 755 2099 submisse
777 2059 1021 2103 offerimus;
1043 2060 1175 2107 idque
1197 2071 1250 2098 eo
1272 2059 1462 2103 consilio,
1485 2065 1532 2097 ut
1553 2059 1591 2097 &
1611 2059 1851 2097 studiorum

188 2115 306 2154 illius
318 2117 536 2154 rationem
547 2126 682 2163 penes
694 2116 887 2162 primum
900 2113 1134 2152 Christiani
1148 2113 1278 2152 Orbis
1290 2112 1589 2151 Monarcham
1602 2113 1850 2155 reddamus,

190 2169 229 2208 8(
244 2169 404 2208 invidis
420 2168 722 2207 calumniandi
740 2167 891 2206 ansam
908 2167 1262 2215 praescindamus,
1281 2178 1392 2214 quos
1407 2173 1482 2205 aut
1494 2169 1686 2214 pruritus
1698 2168 1850 2213 nequi-

189 2225 262 2262 tiae
282 2224 328 2261 in
348 2222 475 2260 illum
496 2221 642 2260 adhuc
658 2223 810 2259 vivum
827 2223 1042 2265 excitavit,
1065 2227 1140 2259 aut
1161 2221 1267 2259 mali
1288 2232 1434 2259 mores
1453 2226 1753 2267 corruperunt,
1777 2226 1852 2258 aut

118 2284 153 2311 35
190 2277 440 2325 ignorantia
459 2287 486 2314 a
505 2287 611 2313 vero
629 2275 780 2323 judicij
803 2277 975 2313 tramite
997 2274 1258 2313 transversos
1280 2276 1375 2322 egit.
1399 2280 1445 2312 ut
1469 2274 1677 2321 quicquid
1701 2276 1745 2311 in
1769 2273 1850 2311 has

191 2330 346 2378 Regias
362 2329 608 2377 disciplinas
621 2328 968 2376 impendebatur,
987 2328 1123 2376 (quod
1136 2328 1237 2366 sane
1250 2328 1470 2376 dignitatis
1483 2339 1637 2366 earum
1650 2327 1687 2364 8(
1699 2328 1850 2375 gloriae

190 2383 292 2422 inde
313 2383 612 2425 redundantis,
636 2382 889 2430 sumptuum
910 2383 1100 2429 denique
1125 2381 1430 2429 requifitorum
1454 2380 1658 2429 respecftu,
1683 2383 1850 2428 perexi-

190 2448 327 2486 guum
346 2435 443 2483 fuit)
464 2436 683 2484 perditum
704 2435 1008 2474 existimarent.
1036 2435 1119 2474 Sed
1141 2437 1260 2473 enim
1281 2435 1377 2473 1180
1399 2435 1580 2482 querela
1601 2435 1728 2472 nobis
1750 2446 1850 2472 cum

191 2490 397 2528 omnibus
413 2489 601 2538 cujusvis
618 2492 702 2528 aevi
719 2489 944 2527 Heroibus
961 2489 1164 2533 Eruditis,
1185 2500 1297 2536 quos
1318 2489 1429 2526 livor
1450 2500 1541 2526 non
1563 2488 1639 2526 nisi
1656 2487 1745 2535 post
1761 2487 1850 2525 fata

120 2551 155 2577 ⁴⁰
191 2543 434 2591 dereliquit,
456 2545 704 2582 communis
721 2542 787 2581 est.
809 2543 937 2581 Adeo
953 2542 1077 2581 nullo
1094 2554 1294 2590 unquam
1314 2542 1457 2580 seculo
1474 2541 1678 2589 Aristippi
1696 2540 1733 2578 &
1751 2541 1848 2588 Epi-

1757 2606 1847 2631 cur1
