2243 3225
387 201 463 238 252
764 192 1217 233 ASTRONOMIAE
1238 188 1661 230 INSTAURATAE

385 306 473 352 ipsa
497 306 626 341 etiam
649 313 719 339 me
743 302 950 339 edocente
974 300 1144 337 diutina
1167 297 1458 345 Experientia,
1484 293 1695 342 suspectas
1717 295 1898 341 habens,
1922 297 2033 336 alias

386 357 594 404 quasdam
609 355 898 401 AEquatorem
914 353 1062 391 saltem
1078 351 1352 398 respicientes
1369 350 1626 396 excogitaui,
1647 348 1922 397 construique
1937 349 2032 395 feci,

384 411 514 456 idque
538 407 836 450 diuerfimode‚
860 406 1017 443 Tribus
1038 407 1162 442 varia
1184 406 1354 442 ratione
1375 404 1421 439 in
1441 401 1561 439 hunc
1581 401 1705 439 vsum
1726 401 1931 441 confectis
1952 403 2033 442 Or-

385 464 519 511 ganis‚
544 471 733 508 quorum
755 462 945 502 vnicum,
972 458 1090 505 quod
1113 460 1202 495 iam
1226 456 1495 494 delineatum
1518 454 1675 499 habeo,
1700 455 1772 494 hic
1795 467 2033 504 apponam,

384 516 561 562 reliquis
577 516 622 551 in
638 513 763 550 suum
779 513 937 555 locum,
956 510 1233 549 Mechanicae
1245 510 1341 547 Arti
1352 508 1634 547 inseruientia
1646 508 1954 554 ostendentem,
1969 521 2033 548 re·
2071 524 2087 550 5

384 568 619 606 seruandis.

438 621 501 658 Ex
517 563 777 667 inspel'stione
790 618 1080 665 Figurationis
1093 616 1378 664 diligentiore,
1395 615 1493 652 licet
1505 616 1657 653 omnia
1666 615 1825 654 melius
1836 615 2034 664 perspici·
2057 624 2120 657 252

385 680 513 713 antur
534 679 664 720 atque
686 671 1009 719 cognoscantur,
1032 681 1167 717 quam
1187 669 1320 716 longo
1336 667 1573 706 verborum
1593 666 1805 713 anfractu,
1825 668 2034 708 breuibus

384 734 531 765 tamen
549 726 670 763 illam
687 724 936 772 explanare,
954 735 1045 761 non
1061 722 1116 760 est
1132 722 1297 760 inutile.

440 779 641 818 Circulus
658 778 830 816 BCDE
847 777 1149 814 Meridianum
1164 774 1455 823 repraesentat,
1473 776 1548 821 qui
1565 786 1587 812 e
1603 774 1740 813 solido
1757 774 1957 824 Chalybe
1972 775 2034 814 af·
2074 789 2105 816 ιο

386 833 504 871 fabre
518 832 778 874 elaboratus,
790 830 860 868 sex
872 831 1071 877 proxime
1083 829 1215 877 pedes
1227 831 1273 866 in
1285 828 1515 866 Diametro
1527 829 1730 866 continet.
1743 827 2035 876 AEquatorem

386 897 489 924 vero
500 884 747 932 praefigurat
759 883 961 922 Circulus
970 882 1081 926 PSR,
1092 881 1292 920 Affixum
1302 881 1425 919 alteri
1435 881 1491 919 ad
1497 881 1699 929 Angulos
1709 879 1862 920 Rectos
1871 881 2033 927 FGHI,

387 941 461 986 qui
483 941 594 975 circa
610 939 754 975 Axem
775 936 935 974 Mundi
953 936 1039 974 CD
1056 935 1346 983 AEquatorem
1367 946 1633 982 quacunque
1653 934 1772 973 lubet
1792 935 2032 974 conuoluit.

387 992 430 1030 Si
450 994 596 1038 itaque
618 990 883 1028 differentias
899 988 1227 1027 Ascenfionales
1247 989 1453 1026 binarum
1471 987 1707 1026 Stellarum
1726 987 1904 1026 scrutari
1923 988 2033 1027 libu-

387 1047 476 1087 erit,
498 1046 626 1081 motis
647 1043 748 1081 hinc
770 1043 870 1080 inde
887 1043 1151 1090 Pinnacidijs
1168 1042 1199 1079 P
1215 1048 1347 1088 atque
1364 1041 1410 1085 R,
1431 1046 1507 1079 aut
1527 1041 1664 1079 altero
1682 1043 1729 1079 in
1744 1053 1832 1080 vno
1850 1041 1948 1080 loco
1963 1041 2033 1080 fir·
2074 1055 2104 1081 15

386 1104 516 1141 mato,
542 1109 618 1144 per
643 1097 753 1134 duos
779 1096 1104 1139 Obseruatores,
1131 1107 1154 1133 e
1179 1094 1350 1132 rimulis
1375 1094 1612 1138 Parallelis,
1638 1096 1753 1133 circa
1776 1095 1922 1133 Axem
1946 1094 2034 1134 DC

386 1153 582 1198 apprime
605 1155 796 1192 teretem,
820 1149 923 1187 hinc
946 1149 1046 1186 inde
1068 1148 1351 1196 dispicientes,
1375 1148 1418 1186 id
1439 1149 1598 1195 exequi
1617 1147 1727 1186 licet.
1751 1149 1894 1186 Arcus
1916 1149 2035 1186 enim

386 1204 670 1250 AEquatorius
686 1205 855 1250 vtrique
872 1202 1128 1240 Pinnacidio
1147 1204 1422 1249 interceptus,
1445 1200 1738 1239 differentiam
1753 1201 2035 1240 Ascenfiona-

386 1258 472 1295 lem
488 1256 718 1294 mensurat.

440 1310 768 1348 Declinationes
785 1315 932 1347 autem
948 1320 1024 1356 per
1041 1308 1224 1346 alteram
1240 1307 1476 1346 Armillam
1492 1307 1696 1352 NKLM,
1715 1309 1829 1346 circa
1845 1308 2036 1346 eundem
2073 1320 2106 1347 20

387 1364 530 1400 Axem
546 1362 849 1405 reuolubilem,
867 1362 1163 1410 explorantur,
1180 1363 1310 1400 motis
1324 1361 1524 1399 videlicet
1539 1361 1642 1399 hinc
1657 1361 1759 1400 inde
1771 1361 2037 1410 Pinnacidijs

388 1416 427 1462 Q
444 1416 512 1454 vel
530 1416 581 1458 Ο,
604 1416 641 1453 8(
662 1416 928 1463 respiciendo
950 1415 1213 1463 Cylindrum
1233 1415 1288 1453 ad
1309 1416 1350 1452 A
1371 1417 1493 1453 iuxta
1514 1414 1729 1453 Centrum
1749 1414 2036 1453 Instrumenti.

441 1469 612 1507 Debent
629 1475 777 1507 autem
793 1469 847 1507 ab
864 1469 1001 1507 altera
1018 1471 1149 1507 etiam
1165 1474 1287 1516 parte
1304 1468 1343 1506 K
1360 1467 1397 1506 &
1415 1468 1449 1506 L
1465 1468 1571 1506 talia
1587 1468 1664 1506 esse
1681 1468 1949 1513 Pinnacidia‚
1967 1468 2038 1507 vel

388 1523 482 1560 haec
508 1522 596 1570 ipsa
621 1522 708 1560 illic
734 1522 955 1570 applicari,
983 1534 1083 1560 cum
1109 1522 1440 1560 Declinationes
1463 1521 1697 1560 Stellarum
1720 1521 2038 1560 Meridionales

388 1575 500 1613 infra
522 1575 810 1622 AEquatorem
837 1575 1030 1613 existunt.
1058 1575 1321 1613 Numeratio
1343 1586 1449 1613 vero
1472 1574 1793 1613 Declinationis
1816 1574 1863 1613 fit
1885 1577 1931 1613 in
1953 1574 2037 1613 hac
2074 1587 2107 1614 2⁵

388 1627 499 1666 dicta
511 1629 698 1667 Armilla
714 1629 878 1666 sursum
889 1629 959 1667 vel
971 1629 1171 1667 deorsum
1186 1627 1379 1676 respectu
1390 1628 1658 1676 AEquatoris,
1674 1634 1803 1676 prout
1814 1639 1883 1667 res
1894 1630 2036 1677 exigit.

442 1682 703 1720 Incumbunt
719 1688 931 1729 praeterea
947 1681 1018 1720 hae
1031 1682 1231 1720 Armillae
1244 1681 1528 1720 Semicirculo
1539 1681 1735 1720 XTWV
1747 1693 1847 1720 cum
1860 1681 1946 1720 suis
1961 1693 2037 1720 an-

389 1738 511 1772 nexis
528 1735 686 1779 fulcris,
704 1735 966 1773 habentibus
978 1735 1160 1773 inferius
1172 1735 1391 1774 Cochleas
1402 1746 1479 1782 per
1490 1735 1524 1773 Z
1536 1735 1762 1780 indicatas,
1779 1735 1938 1783 quibus
1949 1741 2040 1774 tota

389 1788 602 1826 Machina
624 1789 679 1826 ad
701 1789 914 1827 Libellam
937 1788 1151 1827 beneficio
1178 1788 1240 1826 fili
1265 1789 1494 1826 tenuissimi
1516 1788 1792 1833 Orichalcici,
1814 1788 2038 1837 ponderis-

391 1853 475 1888 que
497 1841 690 1888 plumbei
707 1842 882 1889 appensi
900 1841 988 1885 BT,
1010 1845 1055 1880 in
1072 1842 1242 1886 Zenith,
1264 1842 1503 1880 secundum
1519 1842 1826 1880 Eleuationem
1841 1841 1935 1880 Poli
1954 1841 2039 1880 loci
2076 1853 2109 1881 ³⁰

390 1894 592 1941 propositi
610 1895 664 1932 ad
681 1896 875 1932 amussim
888 1896 1095 1943 dirigitur,
1113 1902 1243 1943 atque
1256 1896 1451 1943 planitiei
1465 1895 1704 1934 Meridiani
1716 1895 1926 1939 Coelessis.
1944 1895 2039 1934 Me-

391 1948 586 1985 ridianus
604 1948 876 1986 Instrumenti
894 1949 1184 1987 Mechanicus
1201 1949 1372 1987 EBCD
1389 1948 1640 1993 conformis,
1657 1949 1862 1987 redditur.

444 2001 642 2038 Armillae
656 2013 759 2039 vero
771 2002 872 2049 ipsae
885 2004 1112 2040 interiores
1123 2003 1408 2050 vndiquaque
1422 2002 1710 2041 Orichalcicae
1721 2002 1829 2047 sunt,
1841 2001 2040 2050 nullique

392 2056 622 2091 mutationi
649 2066 724 2101 per
746 2055 785 2092 se
810 2055 1034 2098 obnoxiae;
1062 2056 1312 2094 Diuifiones
1337 2055 1511 2104 insuper
1534 2067 1689 2094 omnes
1711 2058 1757 2094 in
1779 2055 1864 2094 hoc
1886 2055 2040 2094 Instru-

393 2114 551 2148 mentO.
570 2110 700 2144 etiam
717 2120 792 2154 per
809 2108 969 2155 puncta
981 2109 1283 2147 transuersalia
1295 2121 1417 2147 more
1429 2110 1555 2147 nobis
1567 2109 1730 2153 vfitato‚
1748 2111 1807 2147 ita
1818 2107 2040 2154 consectae,
2078 2120 2111 2147 ³5

392 2166 434 2196 vt
448 2160 609 2207 singula
622 2163 791 2198 minuta
801 2164 910 2199 inter
922 2162 1258 2200 Obseruandum
1268 2163 1595 2201 discriminatim
1605 2162 1853 2201 exhibeant.
1866 2161 2042 2202 Caetera

393 2213 573 2259 diligens
590 2213 793 2260 inspectio
810 2215 878 2252 vel
896 2215 983 2262 ipsa
1000 2218 1143 2262 potius
1161 2215 1386 2254 fabricatio
1403 2222 1534 2263 atque
1551 2216 1662 2261 vsus,
1679 2216 1935 2255 edocebunt.

447 2266 640 2303 Adhibui
662 2273 808 2304 tamen
826 2270 869 2304 in
889 2268 1280 2311 Declinationibus.
1303 2276 1433 2317 atque
1455 2269 1711 2318 disserentijs
1727 2268 2041 2308 Ascenfionali-

394 2318 472 2355 bus
497 2323 860 2361 commemoratis.
886 2321 922 2357 8(
947 2324 1112 2359 caeteris
1134 2334 1211 2369 pro
1235 2322 1511 2361 Restitutione
1533 2323 1768 2361 Stellarum
1789 2323 2041 2371 necessarijs,

394 2378 583 2409 nontam
598 2372 676 2409 has
690 2373 798 2419 ipsas
812 2375 1033 2416 Armillas,
1051 2387 1185 2422 quam
1198 2376 1307 2413 alias
1320 2376 1543 2423 quasdam.
1560 2376 1837 2424 sesquialtero
1849 2375 2041 2419 circulo.
2078 2387 2112 2414 4ο

394 2436 479 2461 vna
497 2436 595 2461 cum
613 2427 708 2462 Axe
727 2426 853 2463 Polos
872 2427 1119 2474 respiciente
1142 2436 1380 2472 contentas,
1403 2441 1503 2477 quae
1525 2430 1664 2468 multo
1685 2432 1818 2468 etiam
1838 2431 2042 2473 maiores.

395 2477 431 2514 &
456 2478 508 2513 ad
534 2480 765 2515 minimum
791 2481 1107 2526 quincubitales
1132 2481 1326 2524 existunt.
1353 2483 1540 2530 ideoque
1565 2483 1683 2531 quod
1706 2483 2043 2521 intendebamus

1754 2535 2042 2584 scrupulofius
