2243 3225
433 214 510 253 280
806 208 1261 249 ASTRONOMIAE
1282 207 1704 247 INSTAURATAE

666 359 963 386 DENOMINATIO
980 358 1215 384 STELLARVM

463 463 622 493 Cratera
639 461 819 501 proxime
835 460 1066 500 praecedens

463 514 656 551 Informis,
675 516 793 553 caput
809 512 989 553 proxime
1005 512 1236 552 praecedens

845 574 1038 606 CRATER.

462 629 560 667 Quae
577 629 630 660 est
646 629 684 659 in
701 628 778 659 bafi
797 627 965 659 Crateris

462 682 635 721 Sequens
651 682 820 712 duarum
836 681 874 711 in
891 680 1023 711 medio

462 735 690 766 Praecedens
707 734 923 766 earundem

840 795 1044 827 CORVVS.

461 841 559 878 Quae
576 841 626 872 ad
643 841 802 872 oculum

459 894 688 925 Praecedens
705 894 873 924 duarum
892 892 1136 932 superiorum
1152 891 1189 922 in
1205 891 1247 933 [Ι

460 947 634 986 Sequens
651 946 867 977 earundem

460 999 633 1038 Sequens
649 999 880 1031 inferiorum
897 999 934 1029 in
951 999 1146 1038 quadrato

427 1094 659 1132 TABVLA
685 1093 1034 1133 CONTINENS
1057 1093 1357 1140 QVANTVM
1383 1093 1624 1132 SINGVLI
1644 1093 1812 1138 ANNI,
1838 1094 1903 1132 IN
1927 1094 2078 1134 DUO-
2089 1101 2173 1135 272*

503 1149 596 1181 BUS
617 1149 820 1181 SECULIS
841 1148 1195 1187 SEQUENTIBUS,
1217 1149 1429 1180 ADDANT
1451 1149 1793 1181 LONGITUDINI
1813 1149 2007 1181 AFFIXA-
2119 1157 2149 1183 15

547 1198 655 1230 RUM
677 1198 746 1229 AD
767 1197 957 1229 ANNUM
982 1197 1077 1235 1600,
1099 1197 1424 1229 PRAECEDENTI
1446 1197 1651 1229 CANONE
1672 1197 1960 1230 DISPOSITAE.

467 1270 757 1308 ΑΝΝΙῙΕΧΡΑΝΫΞῙ

474 1314 555 1339 Anni
627 1315 667 1340 M.
731 1315 757 1340 S.

2115 1405 2149 1432 20

2115 1583 2148 1609 25

2114 1771 2147 1798 ω

2115 1962 2148 1988 35

2114 2139 2148 2166 40

1812 2271 1829 2297 8
1866 2270 1990 2305 August.
2011 2270 2060 2308 Ι34

1637 2306 1768 2332 Manius
1799 2306 1829 2332 13
1866 2306 1905 2333 Se
1928 2310 1946 2333 t.
2011 2305 2061 2345 {³⁸

1635 2342 1750 2375 Aprilis
1799 2342 1829 2367 17
1867 2341 1894 2368 0
1923 2342 1999 2368 oben·
2026 2342 2061 2367 42
2114 2342 2148 2368 ⁴5

1637 2377 1742 2403 Maius
1796 2378 1825 2403 21
1869 2363 2013 2415 Nouem.!
2026 2376 2061 2403 47

1636 2413 1746 2439 iunius
1796 2413 1829 2439 25
1868 2413 1993 2440 Decem.
2027 2412 2057 2439 51

1626 2459 1686 2476 Anni
1696 2458 1783 2481 compi.
1792 2461 1884 2476 motum
1891 2457 1952 2477 odd·
1959 2457 2061 2504 nelca:

1626 2490 1699 2508 ριιε,
1709 2484 1764 2503 Tnb.
1776 2484 1865 2503 uonn·
1874 2489 1921 2503 un·
1931 2483 1957 2507 (ss
1966 2484 2013 2505 uh)

1626 2511 1681 2529 dnm
1689 2511 1712 2530 s.
1726 2525 1739 2531 s.
1750 2511 1814 2535 sic-2.
1823 2511 1924 2535 pomum
1931 2510 2059 2530 obambu-
2088 2481 2104 2536 Ι
2115 2500 2148 2528 ω
