2164 3246
44 1133 76 1160 15

43 1666 77 1693 2⁵

398 210 1058 251 PROGYMNASMATUM
1079 213 1282 253 PRIMA
1303 216 1454 256 PARS
1683 221 1750 259 149

108 318 366 359 Latitudim‘s
384 318 414 363 J>
430 317 486 356 ad
503 317 682 355 Initium
697 317 735 355 &
751 317 887 356 finem
902 319 1088 367 Eclipfis‚
1106 323 1175 358 cui
1192 321 1417 369 respondet
1430 324 1631 363 Latitudo
1652 327 1679 370 J>
1697 327 1751 364 ad

107 374 279 412 initium
293 372 348 410 41.
367 370 410 420 ll.
428 370 486 410 S.:
503 371 559 409 ad
575 370 711 409 finem
727 372 763 410 5.
783 370 888 419 s.39.
907 371 950 420 ll.
969 372 1081 421 Sept.

615 469 727 508 PRO
748 469 900 509 TYPO
923 471 1243 510 ECLIPSEOS.

153 533 196 572 N
211 532 414 580 assignato
429 530 647 570 schemate
663 531 782 570 linea
793 532 875 570 AB
889 533 1106 571 dividatur
1118 546 1196 582 pro
1209 538 1376 574 ratione
1389 538 1618 575 ambarum
1631 539 1750 576 semi-

165 586 480 625 diametrorum
494 586 538 630 (D
555 584 593 622 &
607 585 654 630 )>:
671 584 954 633 sumaturque
967 589 1011 624 in
1024 598 1076 625 ea
1087 588 1149 625 28.
1165 587 1189 635 l.
1202 589 1264 626 49.
1280 588 1322 635 ll.
1338 599 1614 638 aggregatum
1631 592 1750 630 semi-

108 640 433 683 diametrorum,
454 638 493 676 8(
513 638 589 676 tali
609 639 841 677 intervallo
858 639 1007 677 descri-

107 694 231 733 batur
241 691 429 730 circulus
441 703 495 730 ex
507 698 656 730 centro
669 692 718 736 C,
736 693 1009 740 ducaturque

108 747 333 786 Diameter
344 745 486 784 LCD.
499 745 551 783 Et
562 757 616 783 ex
627 745 785 783 eodem
797 745 961 784 Centro
973 746 1010 785 C

108 800 163 840 ad
172 799 522 848 magnitudinem
537 798 845 837 semidiametri
862 801 920 844 (D,
939 800 1008 837 de-

108 853 292 893 lineetur
301 852 505 891 Circulus
516 852 612 891 CM
624 852 763 891 solare
776 864 934 901 corpus
946 865 1009 891 re-

108 905 384 956 praesentans.
407 905 557 944 Postea
572 906 805 944 intervallo
822 906 1008 945 Latitud.

112 961 142 1006 ))
156 960 212 999 ad
226 961 401 998 initium
418 959 593 1007 Eclipfis
611 959 796 998 ducatur
816 960 935 998 linea
951 960 1010 998 IE

109 1013 322 1053 Parallela
343 1012 472 1052 LCD
495 1013 642 1051 lineae:
666 1012 859 1051 fimiliter
882 1016 1009 1051 inter-

109 1066 224 1106 vallo
241 1066 428 1105 Latitud.
449 1066 479 1111 ))
498 1066 555 1105 ad
574 1065 711 1105 finem
732 1066 907 1115 Eclipfis
927 1073 1009 1105 tra-

109 1120 237 1160 hatur
260 1120 404 1158 eidem
428 1120 511 1158 LD
534 1120 751 1159 Parallela
774 1120 864 1158 FK.
893 1120 1009 1159 Con-

109 1172 422 1221 nedstanturque
438 1173 471 1211 F
482 1173 520 1212 8(
533 1173 568 1212 Ε
583 1173 714 1218 linea,
731 1185 832 1221 quae
844 1176 963 1212 viam
980 1175 1008 1219 D

109 1226 440 1276 repraesentabit,
453 1238 506 1266 ea
516 1226 726 1265 bisecetur
737 1229 784 1265 in
794 1227 849 1272 G,
862 1235 1103 1276 agaturque
1116 1227 1230 1267 recta
1243 1229 1279 1268 C
1288 1229 1382 1268 GH
1396 1230 1751 1279 orthogonaliter:

110 1281 160 1320 Et
178 1292 232 1319 ex
252 1279 295 1320 G
315 1286 477 1326 centro,
497 1280 618 1319 sicuti
639 1283 771 1319 etiam
792 1293 846 1319 ex
867 1281 901 1319 E
918 1282 956 1320 8(
973 1282 1004 1319 F
1022 1283 1076 1320 ad
1096 1282 1379 1321 Intervallum
1399 1283 1703 1323 semidiametri
1724 1287 1751 1330 J>

108 1333 400 1374 describantur
410 1340 496 1373 tres
508 1334 658 1373 circuli
666 1335 877 1379 Lunares,
892 1347 1082 1382 quorum
1092 1339 1272 1374 extremi
1285 1337 1372 1374 duo
1384 1337 1567 1375 solarem
1579 1339 1751 1385 praecise

109 1389 370 1436 contingant,
387 1387 427 1426 &
442 1387 665 1427 absolutus
682 1390 760 1426 erit
776 1388 938 1437 Typus.

160 1441 273 1480 Haec
291 1441 345 1480 de
367 1441 601 1481 Curriculo
621 1442 810 1480 Lunaris
831 1449 988 1486 motus,
1013 1442 1148 1487 aliter,
1171 1454 1305 1490 quam
1326 1445 1603 1482 antecessores
1624 1445 1752 1483 nostri

109 1494 789 1543 existimarunt‚ordinat0,deque
798 1495 1348 1543 EclipfibusLuminarium
1356 1500 1753 1545 accuratius.quam

109 1553 249 1594 antea,
270 1548 556 1597 supputandis
576 1548 661 1587 hoc
681 1549 792 1593 loco,
817 1561 881 1593 ea,
906 1561 1041 1596 quam
1062 1552 1214 1597 aperui
1235 1550 1354 1588 brevi
1376 1550 1413 1588 &
1434 1550 1645 1589 succineta
1666 1563 1752 1589 me-

108 1601 255 1647 thodo,
275 1601 492 1641 ostendisse
510 1602 705 1641 sufficiat.
727 1602 772 1641 Si
789 1603 893 1650 quid
914 1605 959 1640 in
981 1603 1198 1650 posterum
1219 1606 1331 1642 circa
1347 1603 1460 1642 hanc
1478 1604 1752 1652 Pragmatian

160 1655 216 1695 ad
230 1655 318 1694 huc
332 1656 505 1701 incidet,
521 1657 641 1704 quod
656 1656 964 1695 limitationem
976 1657 1251 1698 nonnullam,
1269 1669 1368 1704 quae
1380 1665 1527 1695 tamen
1539 1660 1612 1695 vix
1624 1658 1698 1696 ali-

213 1711 338 1758 cujus
352 1712 567 1748 momenti
579 1712 670 1755 erit,
687 1712 891 1757 requirat,
909 1710 950 1747 id
964 1710 1102 1757 ipsum
1114 1710 1286 1757 plenius
1300 1710 1375 1748 suo
1385 1710 1481 1748 loco
1494 1710 1531 1748 8(
1543 1718 1646 1749 tem-

264 1775 384 1811 pore,
404 1763 580 1802 favente
601 1763 839 1802 coelestium
859 1763 1026 1811 opifice,
1050 1764 1280 1802 enucleare
1299 1763 1336 1801 8(
1352 1763 1593 1811 patefacere

318 1828 411 1856 non
420 1819 632 1862 omittam,
645 1817 720 1855 ubi
733 1817 1092 1856 etiamvberiores
1101 1817 1540 1864 EclipfiumTabulas.

372 1882 473 1919 quae
499 1873 652 1910 omnia
676 1871 822 1910 adhuc
849 1873 1106 1918 promptiori
1132 1871 1392 1918 compendio
1418 1882 1487 1908 ex-

425 1924 614 1972 pedient,
628 1924 876 1962 substituere
891 1926 1066 1962 animus
1080 1923 1145 1962 est.
1164 1924 1341 1962 Interim
1353 1923 1435 1961 hac

478 1976 814 2016 tradtatiuncula
832 1978 884 2015 de
902 1977 1065 2015 Lunari
1087 1984 1220 2021 motu,
1243 1977 1382 2016 Solari

533 2032 788 2080 appendicis
815 2031 912 2069 loco
940 2031 1008 2079 adj
1016 2029 1156 2073 unna,
1185 2032 1328 2078 benig-

658 2097 742 2123 nus
758 2083 891 2123 lee'tor
907 2091 1135 2122 contentus
1152 2084 1208 2127 fit,

765 2150 905 2186 eaque
922 2138 1101 2176 fruatur.

1563 2560 1752 2599 CAPVT
