2164 3246
391 212 1050 252 PROGYMNASMATUM
1071 214 1274 254 PRIMA
1296 217 1446 256 PARS
1677 220 1744 258 159

149 320 193 359 Si
208 321 306 367 quis
322 324 472 357 autem
488 319 699 357 existimat
714 331 785 358 me
803 321 1032 368 quippiam
1052 320 1123 359 hic
1142 322 1297 365 dixisse,
1319 325 1437 371 quod
1454 325 1661 363 Veterum
1678 337 1742 363 ar-

97 374 206 413 duos
226 378 422 417 conatus,
444 384 556 420 quos
576 372 744 421 semper
763 373 1008 421 magnifeci,
1033 374 1071 412 8(
1094 375 1181 413 fine
1202 377 1360 423 quibus
1381 390 1510 421 nunc,
1532 379 1600 416 vel
1622 379 1743 421 nihil.

96 427 165 466 vel
179 426 422 465 admodum
436 437 596 474 parum
611 428 658 464 in
669 427 776 464 Arte
788 426 871 465 hac
883 427 1164 466 restauranda
1175 430 1364 476 praestari
1376 432 1504 477 p0ss1t‚
1522 437 1596 469 aut
1614 435 1743 470 etiam

97 480 403 519 Recentiorum
411 478 657 518 laudabiles
666 481 871 524 annixus,
880 480 1068 526 eleuare,
1078 481 1115 519 8(
1125 483 1297 529 prorsus
1306 483 1538 531 aspernari,
1547 497 1635 532 quo
1646 497 1745 523 mea

47 547 63 574 ⁵
97 535 370 582 arrogantius
385 533 634 581 praedicem,
651 533 981 580 praesumserim,
999 540 1129 582 atque
1146 538 1191 573 in
1207 538 1407 574 animum
1423 539 1687 576 induxerim:
1710 541 1744 576 is

97 598 187 626 non
206 586 361 625 leuiter
375 586 486 624 mihi
501 586 748 631 iniuriosus,
771 598 852 625 nec
868 587 1072 626 Veritatis
1092 588 1341 633 secretioris,
1364 602 1497 637 quam
1518 591 1652 629 solam
1674 592 1744 629 hic

96 639 346 690 spectamus,
365 639 478 678 nihil
492 641 539 677 in
554 639 686 678 vllius
701 643 887 688 gratiam
903 641 973 678 vel
989 641 1153 686 odium,
1171 648 1245 680 aut
1261 654 1338 690 per
1353 643 1506 681 fastum
1523 645 1743 691 quendam

96 695 450 743 pronunciantes,
470 693 570 731 satis
590 705 748 731 amans
769 699 901 741 atque
922 694 1131 732 studiosus
1150 695 1216 733 est.
1238 697 1395 734 Amica
1412 699 1530 734 enim
1546 710 1635 745 prae
1653 710 1743 735 om-

97 747 224 786 nibus
245 746 372 786 debet
394 747 471 785 esse
491 746 676 791 Veritas,
699 749 911 785 virtutum
932 750 1134 786 omnium
1156 749 1331 796 Regina.
1354 750 1518 787 Verum
1542 752 1659 798 apud
1682 754 1743 788 in-

34 813 64 840 ιο
96 800 334 849 telligentes
354 799 393 838 &
413 799 552 838 sobrie
573 805 705 848 atque
726 800 887 839 fincere
909 803 1061 840 omnia
1081 802 1381 850 dijudicantes,
1406 803 1488 841 hac
1510 804 1585 850 (vti
1606 804 1743 852 spero)

98 853 373 893 excusatione
389 865 502 902 opus
517 865 611 892 non
627 855 719 892 erit.

149 907 266 947 Cum
280 909 429 955 itaque
444 912 506 946 tot
521 907 736 955 tantisque
752 906 1019 946 anfractibus
1035 913 1166 956 atque
1179 910 1500 956 impedimentis
1512 910 1744 949 Stellarum

98 961 389 1000 Inerrantium
413 960 605 1009 praecisa,
631 972 721 1009 quo
746 961 802 999 ad
827 961 972 1000 debita
996 961 1106 1006 loca,
1134 962 1338 1000 restitutio
1364 964 1556 1001 obnoxia
1581 965 1743 1011 deprae-

98 1014 376 1059 henderetur;
398 1013 621 1063 Cogitanti
637 1013 676 1052 &
691 1014 768 1053 diu
783 1014 1061 1063 multumque
1079 1016 1391 1063 contemplanti
1407 1017 1528 1059 mihi,
1550 1029 1637 1064 qua
1653 1023 1744 1055 tan-

34 1079 64 1106 15
98 1067 197 1107 dem
215 1069 385 1106 ratione
405 1069 640 1116 negocium
659 1067 745 1106 hoc
761 1070 868 1106 citra
882 1068 1019 1107 vllam
1035 1069 1298 1107 deuiationis
1318 1069 1601 1117 suspicionem
1618 1082 1743 1117 expe-

98 1121 188 1160 dire
206 1121 370 1166 liceret;
391 1121 502 1160 Ecce
519 1121 700 1160 Coelum
720 1121 861 1169 ipsum
882 1122 1003 1169 quafi
1024 1134 1077 1160 ex
1097 1122 1313 1169 insperato
1329 1123 1414 1161 suis
1431 1123 1650 1161 Sideribus
1667 1126 1743 1161 rite

99 1174 404 1224 cognoscendis
415 1174 779 1223 disponendisque
792 1177 1010 1224 egregiam
1022 1180 1153 1223 atque
1165 1175 1449 1214 sufficientem
1461 1177 1744 1215 Occasionem

44 1235 65 1267 †
98 1227 330 1268 liberaliter
344 1229 563 1277 impertijt.
576 1228 718 1276 quue
729 1229 866 1267 Anno
883 1229 990 1273 1582,
1008 1241 1108 1267 cum
1120 1229 1303 1267 Veneris
1315 1230 1447 1268 Stella
1459 1231 1646 1268 interdiu
1657 1242 1745 1268 vna

98 1293 198 1320 cum
217 1281 331 1327 Sole,
351 1282 493 1321 multo
514 1287 725 1330 tempore,
746 1284 792 1320 in
812 1282 926 1320 Vere
946 1283 1062 1320 Aere
1084 1282 1285 1321 existente
1307 1283 1634 1327 defaecatissimo‚
1656 1289 1745 1321 tam

32 1346 65 1373 κο
99 1340 198 1374 ante
219 1346 355 1383 quam
376 1335 467 1384 post
488 1336 805 1381 Meridianum,
830 1341 925 1374 tum
948 1338 1077 1374 etiam
1102 1338 1147 1373 in
1170 1336 1266 1380 hoc,
1290 1336 1374 1374 sese
1398 1337 1746 1384 conspiciendam

99 1388 209 1428 adeo
228 1394 492 1438 apparenter
511 1389 711 1437 praebuit,
731 1395 776 1428 vt
793 1389 982 1438 Organis
1004 1391 1098 1427 eius
1118 1389 1230 1433 fitus,
1252 1395 1382 1437 atque
1399 1402 1425 1428 a
1441 1390 1540 1428 Sole
1562 1392 1746 1427 remotio

19 1447 77 1480 153
98 1446 265 1490 promte
286 1442 325 1481 &
344 1442 521 1481 discrete
542 1444 639 1491 capi
655 1439 670 1493 ΙΙ
686 1443 859 1491 possent.
884 1443 984 1481 Hac
1007 1445 1135 1491 igitur
1157 1443 1323 1481 caelitus
1347 1443 1503 1487 oblata,
1528 1444 1746 1481 diutinum

98 1506 247 1534 meum
266 1495 526 1535 desiderium
547 1502 664 1535 certo
686 1496 724 1534 8(
744 1501 838 1535 tuto
859 1498 1134 1543 minimoque
1155 1496 1304 1534 labore
1329 1497 1531 1544 explendi
1555 1508 1744 1534 commo-

99 1548 260 1588 dissima
279 1551 619 1598 opportunitate,
641 1561 741 1589 eam
761 1550 1016 1589 nullatenus
1037 1550 1452 1597 praetermittendam
1468 1549 1624 1593 censui,
1647 1561 1745 1587 cum

33 1613 66 1640 2⁵
100 1613 127 1641 a
147 1601 246 1642 Sole
268 1603 604 1642 intermediante
626 1604 812 1642 Veneris
835 1603 980 1647 Stella,
1004 1603 1154 1641 Affixa
1177 1603 1328 1641 Sidera
1351 1603 1587 1653 verificare,
1612 1614 1745 1650 quam

99 1667 174 1704 per
188 1656 374 1702 Lunam,
392 1661 438 1696 vt
452 1663 585 1696 antea
599 1659 748 1695 minus
770 1658 918 1696 dextre
941 1656 1014 1704 (ob
1035 1656 1185 1695 causas
1205 1655 1485 1704 supradictas)
1507 1655 1745 1694 faffitatum

100 1708 166 1755 en,
180 1709 309 1759 longe
323 1709 456 1749 satius
472 1711 729 1759 expeditius,
747 1710 785 1749 8(
802 1712 960 1749 certius
977 1711 1193 1748 ducerem.
1211 1710 1360 1747 Venus
1373 1712 1491 1747 enim
1503 1721 1602 1747 cum
1614 1711 1659 1746 in
1671 1709 1746 1746 sua

99 1762 248 1802 visibili
259 1763 502 1809 Diametro,
513 1764 756 1812 paruulum
767 1770 950 1812 occupet
962 1766 1007 1801 in
1020 1763 1150 1802 Coelo
1162 1764 1321 1807 locum,
1334 1768 1543 1810 motuque
1556 1764 1744 1809 proprio.

100 1827 233 1864 quam
241 1816 381 1862 Luna,
392 1817 522 1866 longe
533 1818 698 1856 tardior
707 1817 766 1862 fit,
779 1820 854 1866 qui
865 1820 997 1856 etiam
1006 1816 1162 1855 rectius
1172 1816 1434 1859 discernitur,
1447 1827 1526 1853 nec
1536 1816 1646 1854 adeo
1657 1817 1745 1853 eui-

33 1879 66 1906 ³0
99 1869 298 1909 dentibus
309 1870 625 1916 Parallaxibus‚
641 1876 686 1909 vt
701 1871 798 1910 haec
814 1873 1014 1909 intricata
1026 1870 1080 1908 est
1093 1871 1316 1918 (quamuis
1328 1870 1365 1907 8(
1376 1869 1535 1907 harum
1547 1880 1634 1906 vna
1646 1880 1745 1906 cum

99 1921 442 1963 Refrafflonibus
461 1927 703 1973 praecautio
724 1924 977 1963 adhibenda
996 1924 1174 1970 veniat‚)
1191 1923 1321 1969 Jllam
1342 1925 1468 1971 igitur
1488 1922 1590 1960 huic
1612 1922 1745 1968 Operi

99 1976 364 2016 exantlando
379 1978 723 2027 praeficiendam,
740 1978 1132 2017 commodissimum
1149 1978 1366 2019 duximus,
1389 1975 1520 2024 gauifi
1537 1976 1654 2022 quod
1671 1975 1745 2012 illa

98 2028 330 2070 fauorabili
348 2031 426 2070 suo
446 2031 615 2070 lumine
637 2031 675 2070 &
696 2032 876 2070 amabili
897 2031 1021 2069 vultu
1042 2031 1231 2068 interdiu
1253 2032 1382 2068 etiam
1400 2029 1574 2072 ostenso,
1595 2028 1745 2065 nostris

98 2081 261 2122 sursum
275 2084 537 2132 spirantibus
552 2084 858 2124 affectionibus
874 2085 1037 2129 fauere,
1058 2084 1236 2127 mederi,
1258 2090 1387 2130 atque
1404 2083 1487 2120 illis
1503 2082 1745 2122 subuenire.

33 2145 66 2172 ³5
99 2147 189 2175 non
204 2137 522 2187 dedignaretur.
540 2138 734 2187 Sepofito
750 2141 899 2186 itaque
912 2138 950 2176 8(
961 2137 1203 2186 posthabito
1215 2136 1387 2174 moroso
1404 2135 1654 2181 difficilique
1672 2134 1746 2171 illo

99 2188 299 2237 Saturno,
321 2203 498 2240 vnaque
521 2192 658 2231 astuto
681 2192 916 2240 fallacique
940 2191 1178 2235 Mercurio,
1202 2191 1257 2228 ad
1280 2189 1508 2228 amicabile
1533 2195 1662 2235 atque
1686 2187 1745 2224 fa—

99 2243 306 2290 uorabile,
333 2245 568 2294 nostrisque
590 2246 819 2284 conatibus
840 2245 1030 2283 interdiu
1052 2247 1184 2282 etiam
1204 2243 1360 2282 fauens
1380 2243 1562 2280 Veneris
1584 2242 1745 2282 lumen.

100 2296 249 2336 oculos
268 2304 400 2347 atque
420 2301 711 2338 intentionem
732 2311 912 2337 omnem
933 2299 1087 2336 direxi:
1110 2297 1178 2336 Sic
1200 2299 1317 2334 enim
1339 2296 1413 2333 illa
1432 2307 1521 2333 non
1538 2295 1685 2332 saltem
1702 2296 1745 2330 in

101 2348 228 2389 Coelo
247 2350 324 2390 sua
344 2351 580 2400 Corporali
597 2352 635 2390 8(
650 2352 804 2390 vifibili
824 2352 1066 2400 praesentia,
1088 2357 1177 2389 tam
1198 2350 1471 2388 interlucana
1492 2359 1625 2395 quam
1647 2358 1746 2384 noc-

35 2411 68 2438 40
100 2406 239 2450 turna,
261 2404 332 2444 sed
353 2407 486 2445 etiam
505 2408 552 2444 in
572 2406 729 2450 Terris,
754 2406 941 2444 Metallo
964 2405 1052 2443 suae
1075 2411 1245 2442 naturae
1267 2404 1539 2449 competenti.
1564 2400 1666 2438 AEre
1689 2401 1745 2435 vi-

100 2455 251 2496 delieet
274 2469 351 2506 per
374 2459 568 2508 lapidem
591 2459 831 2498 Cadmium
856 2461 1033 2507 puriore
1058 2458 1095 2495 8(
1119 2459 1349 2495 nitentiore
1376 2455 1554 2495 reddito.
1581 2465 1633 2491 ex
1659 2464 1746 2499 quo

100 2507 385 2551 Instrumenta
409 2513 783 2552 animaduersioni
810 2512 914 2551 huic
939 2512 1101 2550 idonea
1126 2510 1469 2556 sufficientiaque
1495 2506 1745 2597 csogstarent.

1522 2572 1549 2597 u
1583 2569 1743 2598 uenire.
