2243 3225
364 207 442 245 360
735 201 1189 241 ASTRONOMIAE
1210 200 1632 240 INSTAURATAE

418 312 466 348 In
488 311 623 348 altero
647 320 750 346 vero
773 308 1011 355 Triangulo
1032 308 1172 351 ABC,
1197 308 1330 345 Latus
1354 307 1433 345 BC
1456 312 1563 354 part.
1585 306 1621 344 9.
1643 308 1796 343 minut.
1818 305 1881 344 48.
1905 305 2004 350 AC,

364 370 469 411 part.
487 363 521 400 6.
540 361 565 410 l.
582 362 644 400 53.
664 362 746 399 AB
767 367 873 407 part.
891 361 926 398 9.
946 359 1073 407 1533,
1094 367 1137 398 vt
1158 372 1211 398 ex
1232 358 1457 398 antedictis
1478 364 1606 407 patet,
1629 358 1896 397 exhibebunt
1913 360 2005 397 An-

363 417 513 464 gulum
530 415 657 452 BAC
673 420 779 461 part.
796 414 849 451 41.
869 412 894 461 l.
911 413 946 451 6.
966 411 1008 460 ll.
1026 414 1062 451 7.

416 469 611 506 Tandem
634 470 678 505 in
694 466 932 514 Triangulo
954 466 1086 510 BCE,
1109 478 1162 504 ex
1182 466 1336 504 Latere
1353 465 1429 503 BE
1446 465 1484 503 &
1501 464 1580 503 BC
1601 476 1678 513 per
1697 465 1910 512 praemissa
1929 465 2006 503 ha-

363 523 459 559 bitis
476 521 740 568 Anguloque
757 518 1004 566 interposito
1021 519 1154 563 EBC,
1171 530 1247 566 per
1262 517 1598 557 subtractionem
1613 518 1747 556 modo
1764 518 1865 562 dati,
1882 518 2006 557 BAC
2045 532 2060 557 5

363 576 416 612 ab
434 575 556 612 EBA
573 576 618 611 in
633 576 775 620 primo
791 572 1030 619 Triangulo
1046 574 1203 620 reperti
1220 574 1405 620 cognito,
1424 577 1532 619 part.
1549 572 1612 609 45.
1629 573 1783 609 minut.
1800 571 1863 609 49.
1882 570 1925 619 ll.
1943 571 2006 610 34.

364 628 495 665 Latus
517 629 690 664 tertium
715 626 793 664 CE
816 625 949 663 latere
972 637 1063 663 non
1086 625 1223 663 finent
1246 630 1352 673 part.
1370 625 1432 663 36.
1456 627 1561 662 min.
1579 625 1632 662 14.
1654 623 1697 672 ll.
1715 624 1778 668 53,
1803 624 2007 673 Comple-

363 687 558 718 mentum
575 680 833 717 Latitudinis
850 678 994 716 Stellae
1012 679 1225 726 praebens,
1247 684 1378 725 atque
1400 689 1453 716 ex
1473 678 1610 716 tribus
1629 677 1698 716 his
1719 678 1830 716 datis
1846 678 2007 716 Lateri-

946 732 1039 776 bus,
1050 732 1253 779 Angulus
1263 734 1338 779 qui
1348 731 1403 769 est
1412 731 1468 769 ad
1478 731 1511 769 E
1521 743 1610 769 vna
1619 731 1837 775 constabit,
1847 737 1955 779 part.
1963 731 2007 769 ll.

946 787 1100 823 minut.
1113 786 1175 823 55.
1189 783 1233 833 ll.
1246 785 1299 829 14,
1313 787 1388 832 qui
1400 784 1693 822 differentiam
1704 784 2009 832 Longitudinis
2049 797 2080 823 ιο

947 850 973 876 a
994 838 1126 876 Stella
1147 841 1192 876 in
1213 838 1353 876 Crure
1376 837 1729 882 subtrahendam,
1754 837 2007 885 suppeditat.

947 892 1100 929 Incidit
1119 893 1267 938 itaque
1289 903 1343 929 ex
1363 891 1432 929 his
1448 891 1695 939 Longitudo
1711 890 1860 929 Nouae
1876 890 2009 930 huius

947 944 1091 982 Stellae
1108 947 1154 982 in
1169 950 1338 992 partem
1352 945 1388 982 6.
1403 943 1414 993 Ι
1420 975 1427 983 .
1441 945 1503 983 54.
1518 943 1561 992 ΙΙ.
1575 945 1616 983 16
1632 947 1690 989 ὅ,
1707 955 1796 982 vna
1812 956 1913 982 cum
1929 944 2008 983 La-

946 998 1129 1036 titudine
1137 998 1291 1041 Borea,
1300 1010 1323 1036 e
1331 998 1670 1046 Complemento
1679 997 1754 1036 CE
1762 1000 1883 1045 prius
1893 1009 2008 1036 com-

946 1057 1068 1098 perto
1080 1057 1187 1099 part.
1200 1051 1262 1090 53.
1278 1050 1303 1099 l.
1315 1052 1378 1090 45.
1393 1050 1436 1099 ll.
1449 1052 1485 1090 7.
1503 1052 1649 1099 Atque
1663 1051 1760 1089 haec
1771 1051 1860 1089 duo
1872 1056 2008 1096 erant,
2050 1064 2079 1089 1⁵

947 1116 1047 1151 quae
1072 1105 1155 1143 hac
1180 1107 1514 1143 ratiocinatione
1540 1106 1693 1152 quinta
1715 1104 2009 1144 demonstrare

946 1163 1077 1205 atque
1094 1161 1139 1196 in
1155 1169 1365 1196 numeros
1381 1158 1599 1197 resoluere
1615 1158 1850 1196 voluimus.
1868 1154 1883 1208 ΙΙ

968 1265 1046 1302 ΑΒ
1067 1265 1396 1303 VNDECIMA
1417 1265 1562 1312 QUAE
1583 1263 1687 1304 EST
1707 1265 1771 1303 IN
1792 1264 1990 1303 SELLAE
2034 1271 2097 1303 379

984 1327 1196 1371 MEDIO,
1218 1327 1256 1365 &
1277 1327 1534 1366 SEPTIMA
1555 1327 1744 1365 IUXTA
1766 1326 1974 1365 EXTRE-

1007 1389 1291 1427 MITATEM
1312 1389 1478 1428 PEDIS
1499 1389 1720 1433 POSITA,
1742 1389 1951 1428 ETIAM-
2047 1402 2080 1427 20

1100 1452 1242 1490 NUM
1264 1452 1419 1490 IDEM
1441 1451 1617 1499 QUOD
1637 1451 1858 1495 ANTEA,

1268 1514 1688 1554 COMPROBARE.

1442 1577 1512 1614 VI.

1021 1638 1210 1676 TELLA
1235 1639 1310 1677 illa
1330 1639 1563 1677 vndecima
1585 1641 1630 1676 in
1653 1650 1831 1677 annexa
1851 1638 2009 1687 Figura

1039 1704 1115 1739 per
1131 1693 1171 1730 Α
1189 1693 1391 1736 indicata,
1414 1692 1593 1731 distabat
1609 1693 1636 1730 a
1652 1692 1787 1730 Noua
1806 1691 1848 1730 P.
1866 1693 1892 1730 1.
1911 1690 1937 1740 Ι.
1954 1691 2008 1730 31.
2047 1705 2080 1730 25

946 1745 1098 1784 Altera
1114 1757 1219 1784 vero
1237 1746 1431 1794 Septima
1447 1757 1647 1789 numero,
1666 1747 1712 1783 in
1729 1744 1883 1783 infimo
1899 1745 2009 1793 pede

946 1799 1093 1846 posita,
1115 1800 1170 1837 ad
1192 1799 1226 1837 B
1247 1799 1541 1847 intelligenda.
1563 1799 1875 1837 remouebatur
1894 1798 1937 1837 P.
1955 1798 2008 1837 12.

949 1851 973 1900 l.
1000 1853 1085 1892 585.
1117 1852 1267 1899 Quare
1294 1855 1461 1891 caeteris
1486 1859 1529 1891 vt
1557 1855 1678 1900 prius
1703 1852 2008 1896 constantibus,

946 1905 1289 1954 Triangulorum
1307 1905 1509 1944 deductio
1526 1906 1578 1944 fic
1595 1906 1810 1954 procedet.

1000 1959 1266 2007 Triangulus
1287 1960 1412 1998 ABE
1435 1960 1603 1998 habens
1624 1965 1730 1998 nota
1750 1959 1908 1998 Latera
1927 1959 2010 1997 ΑΕ
2048 1971 2081 1998 30

947 2018 1053 2060 part.
1075 2013 1138 2051 37.
1162 2012 1186 2060 l.
1209 2014 1271 2051 46.
1299 2013 1387 2055 BE.
1414 2013 1456 2051 P.
1478 2014 1532 2051 41.
1556 2012 1581 2061 l.
1603 2013 1639 2056 6.
1665 2024 1742 2060 per
1766 2012 2011 2051 distantiam

948 2066 1181 2104 Stellarum
1198 2068 1224 2104 a
1240 2067 1346 2104 Polo
1364 2067 1597 2114 Eclipticae.
1614 2073 1745 2114 atque
1761 2077 1850 2104 vna
1861 2067 2010 2114 Angu-

947 2120 1040 2157 lum
1057 2120 1180 2158 ΑΕΒ
1201 2119 1487 2162 interiectum.
1505 2131 1527 2158 e
1544 2119 1789 2158 discrimine
1806 2119 2010 2168 Longitu·

948 2174 1060 2210 dinis
1087 2173 1128 2211 P.
1156 2174 1208 2211 19.
1237 2172 1262 2221 l.
1286 2174 1336 2212 33
1363 2173 1488 2212 facile
1514 2173 1765 2212 monstrabit
1790 2173 2011 2221 reliquum

948 2227 1081 2264 Latus
1099 2227 1179 2264 BA
1197 2234 1303 2274 part.
1323 2227 1374 2265 12.
1394 2226 1419 2274 l.
1438 2228 1500 2271 49,
1518 2227 1572 2265 ab
1590 2227 1679 2275 ipsa
1694 2226 2010 2265 Obseruatione
2047 2238 2080 2264 ³5

948 2280 1249 2326 permodicum
1280 2281 1538 2328 discrepans,
1571 2292 1747 2328 vnaque
1782 2279 2011 2328 patefaciet

949 2334 1107 2380 Angul.
1126 2334 1250 2371 ABE
1268 2341 1373 2381 part.
1392 2334 1454 2373 67.
1474 2333 1499 2381 s.
1517 2334 1579 2372 32.
1599 2333 1642 2381 ll.
1660 2334 1695 2372 7.

1003 2386 1175 2424 Dehinc
1200 2387 1421 2435 Triangul.
1447 2388 1587 2429 ABG,
1614 2399 1666 2425 ex
1691 2387 1844 2426 Latere
1867 2386 1950 2426 AC
1972 2386 2009 2425 ἃ

949 2440 1027 2477 BC
1051 2441 1262 2481 indicatis,
1287 2447 1417 2488 atque
1441 2442 1521 2479 BA
1543 2441 1677 2479 modo
1698 2443 1893 2484 inuento.
1917 2446 2009 2478 tan·

368 2496 406 2534 F
471 2504 507 2536 G
844 2495 896 2537 Η
949 2504 1081 2538 quarn
1099 2494 1233 2531 tribus
1251 2496 1376 2535 notis.
1395 2495 1621 2542 Angulum
1639 2496 1713 2541 qui
1731 2493 1785 2532 ess
1802 2494 1857 2532 ad
1872 2493 2009 2532 Bnon
2047 2504 2080 2531 ⁴0

1855 2546 2009 2586 celabit
