2243 3225
414 219 481 257 136
790 212 1243 253 ASTRONOMIAE
1265 209 1687 250 INSTAURATAE

414 326 551 363 Lunae
568 335 594 361 a
609 322 745 359 Terra
760 320 902 363 92767‚
921 331 1020 367 quae
1037 321 1082 356 in
1098 318 1428 356 semidiametris
1444 316 1517 354 dat
1533 316 1583 355 52
1599 316 1662 354 25.
1681 314 1706 363 Ι.
1730 315 1846 354 Cum
1862 315 2057 354 semidia-

413 379 559 415 metris
580 375 692 412 hisce
714 373 752 411 &
773 373 1000 412 altitudine
1021 372 1083 410 54.
1101 371 1144 409 P.
1162 371 1215 409 16.
1234 369 1259 418 l.
1282 375 1574 417 excerpuntur
1591 380 1613 406 e
1629 368 1779 407 tabula
1794 369 1857 407 38.
1876 367 1902 416 l.
1919 369 1981 407 55.
2000 367 2057 417 ll„

414 429 653 468 Parallaxis
669 428 808 465 Lunae
824 428 870 463 in
886 425 1049 464 circulo
1065 424 1334 462 Altitudinis.

467 482 530 519 Ex
550 481 618 518 his
638 483 784 527 itaque
806 478 977 517 duobus
998 477 1221 525 Exemplis
1241 477 1388 524 liquet,
1410 475 1681 514 interstitium
1701 476 1910 513 maximae
1927 474 1965 512 &
1979 476 2057 512 mi-

412 538 544 573 nimae
562 533 822 581 digressionis
838 532 978 569 Lunae
993 543 1020 569 a
1035 530 1172 568 Terra
1187 542 1279 568 non
1295 531 1516 577 attingere,
1534 540 1622 576 quo
1639 528 1694 566 ad
1711 527 2058 566 observationem
2094 541 2110 566 5

413 588 643 634 utrobique
660 586 885 633 diligenter
902 586 1212 628 examinatam,
1233 583 1395 630 septem
1416 582 1608 620 eiusdem
1623 581 1772 619 Terrae
1790 580 2058 619 semidiame-

412 647 513 685 tros‚
535 640 652 687 quod
673 639 783 677 alias
803 638 1006 676 rarissime
1027 639 1073 674 in
1093 637 1252 675 talibus
1268 636 1408 674 Lunae
1429 634 1778 673 revolutionibus
1796 634 2058 672 conceditur.

414 693 538 732 Nulli
550 695 697 740 itaque
709 691 959 739 scrupulum
970 695 1159 734 moveat,
1177 690 1295 737 quod
1306 689 1465 727 limites
1476 688 1804 726 revolutionum
1817 687 2060 726 Lunarium

413 750 526 785 intra
547 744 643 784 0610
664 747 862 793 proxime
883 744 1226 782 semidiametros
1247 742 1642 785 constrinxerimus,
1663 740 1792 789 longe
1810 742 1981 778 minore
1996 742 2059 778 in-

412 799 597 843 terstitio,
615 810 749 846 quam
766 800 932 845 priores
948 796 1210 840 Astronomi‚
1229 795 1441 843 fiquidem
1457 794 1780 832 observationes
1796 805 1852 831 ne
1867 793 1952 832 hoc
1968 795 2060 841 qui-

414 854 513 891 dem
536 852 782 890 admittant:
805 850 875 888 sed
899 852 1095 898 exigente
1118 849 1171 887 fic
1194 848 1433 897 hypothesi,
1458 859 1558 895 quae
1582 852 1762 886 caeteras
1782 848 2061 895 apparentias

414 917 502 954 quo
514 906 569 943 ad
582 905 782 952 Longum
795 903 981 942 &latum
993 903 1188 946 salvaret,
1206 914 1297 940 non
1314 902 1622 945 dubitavimus,
1640 900 1724 938 hoe
1737 900 1931 948 spacium
1942 899 2063 948 quasi

414 959 584 997 duabus
604 958 933 996 semidiametris
954 956 1180 1003 ampliare,
1202 955 1266 993 Ex
1288 966 1376 1002 quo
1393 955 1521 992 Luna
1541 965 1633 992 non
1652 955 1836 992 omnino
1856 955 1902 992 in
1922 964 2062 992 remo-

413 1013 562 1050 tissima
572 1011 610 1049 &
618 1013 821 1059 proxima
829 1009 957 1048 fuerit
967 1009 1176 1052 distantia,
1189 1020 1289 1046 cum
1299 1007 1622 1046 observationes
1631 1006 1954 1054 perficerentur,
1966 1006 2063 1045 licet

414 1065 641 1103 discrimen
657 1063 867 1102 distantiae
884 1063 977 1100 esset
993 1074 1105 1110 pene
1121 1061 1379 1100 insenfibile:
1397 1063 1505 1109 quin
1520 1060 1557 1098 &
1573 1060 1708 1108 (quod
1720 1062 1864 1107 potius
1876 1059 2064 1098 confide-

415 1117 621 1163 randum)
643 1117 731 1155 duo
753 1118 919 1154 circiter
939 1118 1122 1159 minuta,
1144 1126 1245 1163 quae
1261 1117 1308 1152 in
1324 1114 1452 1152 Luna
1467 1113 1637 1152 sensum
1654 1112 1844 1161 effugere
1861 1115 1958 1161 quis
1974 1124 2065 1152 non

414 1171 565 1210 frustra
581 1171 747 1214 dixerit,
765 1170 875 1208 duas
891 1169 989 1207 illas
1004 1168 1348 1206 semidiametros
1364 1168 1542 1206 caussari
1557 1167 1735 1214 possunt‚
1753 1166 1871 1214 quod
1888 1166 1960 1204 hic
1973 1177 2064 1204 mo-

415 1224 611 1262 nendum
623 1224 741 1267 duxi,
758 1228 804 1261 ut
819 1222 993 1261 candidi
1005 1222 1287 1260 aestimatores
1298 1220 1568 1269 perspectum
1579 1220 1804 1264 haberent,
1820 1231 1891 1258 me
1907 1219 2065 1258 limites

414 1278 511 1316 istos
527 1289 619 1315 non
635 1278 822 1314 nimium
838 1274 1081 1319 coarctassffl
1098 1274 1168 1313 sed
1179 1277 1325 1322 potius
1336 1275 1392 1312 ad
1404 1285 1560 1312 eorum
1570 1274 1891 1317 limitationem,
1909 1273 1964 1311 ob
1975 1272 2064 1311 fen·

414 1331 539 1369 suum
546 1330 791 1373 visualium,
799 1329 828 1367 fi
838 1341 926 1376 qua
936 1329 1126 1367 incidere
1137 1330 1288 1376 potuit,
1296 1327 1537 1375 aliqualem
1546 1326 1952 1371 hallucinationem,
1960 1325 2065 1364 dila-

1111 1383 1265 1420 tationi
1275 1380 1492 1425 nonnihil,
1501 1386 1718 1428 quatenus
1726 1379 1906 1418 concedi
1915 1381 2065 1428 potuit,

436 1455 670 1493 TABVLA
689 1453 1039 1492 REFRACTIO,
1111 1434 1333 1479 indulfisse‚
1359 1440 1399 1472 et
1422 1446 1449 1472 a
1470 1439 1670 1472 veterum
1691 1432 1874 1482 vestigiis
1896 1444 1988 1471 non
2008 1432 2066 1471 le-

595 1505 706 1537 NVM
726 1504 886 1536 LVNAE
1111 1490 1232 1532 viter,
1249 1499 1329 1526 nec
1346 1487 1432 1526 fine
1450 1487 1639 1525 evidenti
1656 1486 1785 1525 causa
1801 1485 2024 1525 deflexisse.

975 1576 990 1593 ‘³
1006 1576 1045 1656 “j
1113 1579 1205 1624 DE
1229 1577 1826 1623 REFRACTIONIBVS
1850 1576 2064 1622 LVNAE.

1185 1647 1437 1690 VPERIVS,
1472 1658 1573 1684 cum
1607 1647 1660 1685 de
1690 1646 1790 1685 Sole
1825 1657 2066 1694 ageremus,

1192 1700 1407 1739 ostensum
1420 1700 1487 1744 est,
1501 1712 1603 1738 eum
1616 1698 1796 1738 refraete
1806 1699 1844 1737 &
1853 1699 2066 1743 altiorem.

1111 1766 1246 1802 quam
1270 1766 1425 1792 reuera
1449 1753 1516 1797 eft,
1540 1764 1752 1801 apparere
1776 1755 1821 1791 in
1842 1753 2067 1791 decliuiori

1111 1807 1348 1855 praesertim
1364 1807 1454 1850 situ.
1472 1809 1625 1854 opticis
1639 1807 1882 1845 rationibus
1894 1811 2067 1854 propter

1111 1873 1301 1909 uapores
1311 1861 1560 1903 Horizonti.
1574 1862 1706 1898 etiam
1718 1862 1819 1898 aere
1829 1864 2066 1908 apparente

1111 1915 1330 1962 purissimo
1357 1914 1630 1956 obuolantes.
1661 1913 1714 1952 fic
1740 1912 2066 1961 postulantibus.

1112 1968 1232 2006 Idem
1250 1969 1382 2005 etiam
1399 1969 1444 2005 in
1461 1967 1589 2004 Luna
1605 1966 1712 2011 fieri,
1731 1978 1811 2004 nos
1828 1966 1978 2004 crebra
1994 1965 2067 2004 do-

1112 2023 1198 2059 cuit
1228 2021 1615 2068 Experimentatio.
1647 2031 1726 2058 nec
1757 2022 1889 2058 etiam
1918 2019 2066 2058 admo-

1112 2075 1217 2112 dum
1239 2074 1420 2112 dissimili
1443 2071 1770 2111 Refrac'tionum
1791 2084 1880 2120 quo
1900 2072 1955 2111 ad
1978 2071 2066 2110 sen-

1111 2127 1180 2165 sus
1191 2127 1459 2174 Quantitate.
1473 2138 1573 2174 quae
1586 2129 1631 2164 in
1644 2126 1806 2164 circulo
1814 2125 2067 2164 Altitudinis

1112 2180 1263 2218 sensim
1294 2187 1542 2222 extenuata.
1573 2180 1805 2218 dimidium
1836 2178 2066 2226 Quadran-

1111 2241 1198 2271 tem
1220 2245 1310 2271 non
1333 2234 1512 2276 excedit,
1536 2236 1599 2271 uti
1621 2244 1764 2280 neque
1786 2235 1831 2271 in
1852 2232 1964 2271 Sole.
1985 2231 2066 2270 Ta·

1112 2287 1273 2325 bellam
1299 2294 1448 2325 autem
1475 2285 1800 2325 Resractionum
1825 2286 2067 2324 Lunarium

1112 2340 1167 2377 ab
1184 2340 1272 2387 ipsa
1290 2340 1569 2387 Experientia
1587 2351 1675 2387 quo
1692 2340 1747 2377 ad
1764 2339 1908 2377 sensus
1928 2337 2066 2376 uisun-

1113 2393 1174 2430 les
1184 2394 1411 2431 admittere
1422 2399 1671 2440 potuerunt,
1684 2391 1905 2431 diductam
1915 2392 1985 2430 hic
1994 2401 2066 2439 ap·

1113 2458 1341 2492 ponemus.
1359 2458 1383 2484 a
1401 2446 1527 2484 solari
1546 2446 1621 2484 suo
1638 2446 1735 2484 loco
1748 2448 1841 2494 jam
1855 2451 1986 2484 antea
1997 2455 2065 2483 ex-

1113 2499 1245 2546 posita
1263 2511 1397 2546 quam
1415 2501 1650 2537 minimum
1667 2495 1980 2548 differentem..

1743 2549 2063 2591 EXEMPLVM

732 1692 751 1723 8

706 1743 750 1784 J7

700 1785 750 1835 t7

731 1852 752 1883 6

732 1904 752 1936 6

733 1960 751 1988 5

733 2013 751 2041 5

732 2064 751 2094 4

733 2118 752 2148 4

732 2170 751 2201 3

733 2224 751 2254 3

733 2276 752 2307 3

734 2329 753 2359 2

734 2382 753 2412 2

734 2436 753 2465 2

946 1692 967 2518 00000000000a—-a-1a
935 1610 945 1611 ³

440 2489 477 2518 15
530 2488 548 2518 8
600 2489 620 2518 Ο
649 2488 691 2518 30
739 2488 748 2518 l
792 2489 833 2518 45
862 2489 904 2518 45

2100 805 2130 831 10

2104 1072 2133 1097 15

2102 1922 2135 1949 ³⁰

2102 2188 2134 2214 35

2102 2453 2134 2479 40
