<?xml version="1.0" encoding="UTF-8"?>
<!DOCTYPE html PUBLIC "-//W3C//DTD XHTML 1.0 Transitional//EN"
    "http://www.w3.org/TR/xhtml1/DTD/xhtml1-transitional.dtd">
<html xmlns="http://www.w3.org/1999/xhtml" xml:lang="en" lang="en">
 <head>
  <title>
</title>
<meta http-equiv="Content-Type" content="text/html;charset=utf-8" />
  <meta name='ocr-system' content='tesseract 3.04.00' />
  <meta name='ocr-capabilities' content='ocr_page ocr_carea ocr_par ocr_line ocrx_word'/>
</head>
<body>
  <div class='ocr_page' id='page_1' title='image "./operaomniaedidit02brahuoft/operaomniaedidit02brahuoft_0088.png"; bbox 0 0 2243 3225; ppageno 0'>
   <div class='ocr_carea' id='block_1_1' title="bbox 402 181 1674 225">
    <p class='ocr_par' dir='ltr' id='par_1_1' title="bbox 402 181 1674 225">
     <span class='ocr_line' id='line_1_1' title="bbox 402 181 1674 225; baseline -0.005 0"><span class='ocrx_word' id='word_1_1' title='bbox 402 187 452 225; x_wconf 80' lang='lat'>76</span> <span class='ocrx_word' id='word_1_2' title='bbox 777 182 1230 221; x_wconf 85' lang='lat' dir='ltr'><strong>ASTRONOMIAE</strong></span> <span class='ocrx_word' id='word_1_3' title='bbox 1252 181 1674 221; x_wconf 87' lang='lat' dir='ltr'><strong>INSTAURATAE</strong></span> 
     </span>
    </p>
   </div>
   <div class='ocr_carea' id='block_1_2' title="bbox 420 289 2117 403">
    <p class='ocr_par' dir='ltr' id='par_1_2' title="bbox 420 289 2117 403">
     <span class='ocr_line' id='line_1_2' title="bbox 420 289 2117 338; baseline -0.006 0"><span class='ocrx_word' id='word_1_4' title='bbox 420 291 829 338; x_wconf 82' lang='lat' dir='ltr'>ANNOTATIO</span> <span class='ocrx_word' id='word_1_5' title='bbox 854 291 946 335; x_wconf 92' lang='lat' dir='ltr'>DE</span> <span class='ocrx_word' id='word_1_6' title='bbox 968 289 1582 335; x_wconf 85' lang='lat' dir='ltr'><strong>ANTECEDENTIVM</strong></span> <span class='ocrx_word' id='word_1_7' title='bbox 1604 289 2028 336; x_wconf 82' lang='lat' dir='ltr'><strong>TABVLARVM</strong></span> <span class='ocrx_word' id='word_1_8' title='bbox 2080 296 2117 328; x_wconf 86' lang='lat'>91</span> 
     </span>
     <span class='ocr_line' id='line_1_3' title="bbox 613 358 1834 403; baseline 0 -6"><span class='ocrx_word' id='word_1_9' title='bbox 613 358 1060 403; x_wconf 89' lang='lat' dir='ltr'>FVNDAMENTIS,</span> <span class='ocrx_word' id='word_1_10' title='bbox 1083 358 1599 403; x_wconf 89' lang='lat' dir='ltr'>CONSTRVCTIONE,</span> <span class='ocrx_word' id='word_1_11' title='bbox 1621 358 1693 396; x_wconf 91' lang='lat' dir='ltr'>ET</span> <span class='ocrx_word' id='word_1_12' title='bbox 1713 358 1834 398; x_wconf 93' lang='lat' dir='ltr'>VSV.</span> 
     </span>
    </p>
   </div>
   <div class='ocr_carea' id='block_1_3' title="bbox 402 428 2101 691">
    <p class='ocr_par' dir='ltr' id='par_1_3' title="bbox 402 428 2101 691">
     <span class='ocr_line' id='line_1_4' title="bbox 505 428 2048 477; baseline -0.001 -8"><span class='ocrx_word' id='word_1_13' title='bbox 505 430 782 469; x_wconf 86' lang='lat' dir='ltr'>RDINATIS</span> <span class='ocrx_word' id='word_1_14' title='bbox 806 432 850 467; x_wconf 93' lang='lat' dir='ltr'>in</span> <span class='ocrx_word' id='word_1_15' title='bbox 873 430 991 467; x_wconf 92' lang='lat' dir='ltr'>hunc</span> <span class='ocrx_word' id='word_1_16' title='bbox 1011 430 1207 473; x_wconf 91' lang='lat' dir='ltr'>modum,</span> <span class='ocrx_word' id='word_1_17' title='bbox 1229 441 1340 477; x_wconf 90' lang='lat' dir='ltr'>quas</span> <span class='ocrx_word' id='word_1_18' title='bbox 1360 428 1610 477; x_wconf 88' lang='lat' dir='ltr'>pollicebar,</span> <span class='ocrx_word' id='word_1_19' title='bbox 1631 428 1824 474; x_wconf 87' lang='lat' dir='ltr'>Tabulis,</span> <span class='ocrx_word' id='word_1_20' title='bbox 1845 430 2048 469; x_wconf 92' lang='lat' dir='ltr'>conduci—</span> 
     </span>
     <span class='ocr_line' id='line_1_5' title="bbox 529 481 2048 532; baseline 0.001 -11"><span class='ocrx_word' id='word_1_21' title='bbox 529 484 613 522; x_wconf 86' lang='lat' dir='ltr'>bile</span> <span class='ocrx_word' id='word_1_22' title='bbox 634 484 816 527; x_wconf 89' lang='lat' dir='ltr'>videtur‚</span> <span class='ocrx_word' id='word_1_23' title='bbox 838 488 881 521; x_wconf 91' lang='lat' dir='ltr'>vt</span> <span class='ocrx_word' id='word_1_24' title='bbox 905 494 1059 521; x_wconf 89' lang='lat' dir='ltr'>earum</span> <span class='ocrx_word' id='word_1_25' title='bbox 1081 482 1439 531; x_wconf 80' lang='lat' dir='ltr'>compositionem</span> <span class='ocrx_word' id='word_1_26' title='bbox 1462 481 1500 520; x_wconf 85' lang='lat'>&amp;</span> <span class='ocrx_word' id='word_1_27' title='bbox 1520 482 1748 521; x_wconf 91' lang='lat' dir='ltr'>vtilitatem</span> <span class='ocrx_word' id='word_1_28' title='bbox 1770 482 2048 532; x_wconf 85' lang='lat' dir='ltr'>subiungam;</span> 
     </span>
     <span class='ocr_line' id='line_1_6' title="bbox 402 534 2101 585; baseline 0.001 -11"><span class='ocrx_word' id='word_1_29' title='bbox 402 549 490 585; x_wconf 93' lang='lat' dir='ltr'>quo</span> <span class='ocrx_word' id='word_1_30' title='bbox 515 537 691 575; x_wconf 90' lang='lat' dir='ltr'>illarum</span> <span class='ocrx_word' id='word_1_31' title='bbox 715 536 1003 574; x_wconf 84' lang='lat' dir='ltr'>fundamenta</span> <span class='ocrx_word' id='word_1_32' title='bbox 1029 536 1066 574; x_wconf 88' lang='lat'>&amp;</span> <span class='ocrx_word' id='word_1_33' title='bbox 1091 536 1326 584; x_wconf 83' lang='lat' dir='ltr'>applicatio</span> <span class='ocrx_word' id='word_1_34' title='bbox 1355 536 1510 580; x_wconf 87' lang='lat' dir='ltr'>debita,</span> <span class='ocrx_word' id='word_1_35' title='bbox 1539 534 1695 574; x_wconf 73' lang='lat' dir='ltr'>rectius</span> <span class='ocrx_word' id='word_1_36' title='bbox 1722 535 2047 584; x_wconf 85' lang='lat' dir='ltr'>cognoscantur.</span> <span class='ocrx_word' id='word_1_37' title='bbox 2086 545 2101 570; x_wconf 88' lang='lat'>⁵</span> 
     </span>
     <span class='ocr_line' id='line_1_7' title="bbox 402 588 2049 638; baseline 0.001 -11"><span class='ocrx_word' id='word_1_38' title='bbox 402 591 596 628; x_wconf 88' lang='lat' dir='ltr'>Primum</span> <span class='ocrx_word' id='word_1_39' title='bbox 617 592 764 638; x_wconf 90' lang='lat' dir='ltr'>itaque</span> <span class='ocrx_word' id='word_1_40' title='bbox 782 588 1107 628; x_wconf 71' lang='lat' dir='ltr'>RefraCtionum</span> <span class='ocrx_word' id='word_1_41' title='bbox 1123 591 1326 633; x_wconf 88' lang='lat' dir='ltr'>rationes,</span> <span class='ocrx_word' id='word_1_42' title='bbox 1345 588 1382 627; x_wconf 92' lang='grc'>8(</span> <span class='ocrx_word' id='word_1_43' title='bbox 1397 588 1628 627; x_wconf 90' lang='lat' dir='ltr'>Tabellam</span> <span class='ocrx_word' id='word_1_44' title='bbox 1648 588 1909 637; x_wconf 85' lang='lat' dir='ltr'>explanabo,</span> <span class='ocrx_word' id='word_1_45' title='bbox 1930 589 2049 628; x_wconf 90' lang='lat' dir='ltr'>dein—</span> 
     </span>
     <span class='ocr_line' id='line_1_8' title="bbox 402 641 1769 691; baseline -0.001 -10"><span class='ocrx_word' id='word_1_46' title='bbox 402 655 502 691; x_wconf 89' lang='lat' dir='ltr'>ceps</span> <span class='ocrx_word' id='word_1_47' title='bbox 518 643 722 690; x_wconf 84' lang='lat' dir='ltr'>reliquas,</span> <span class='ocrx_word' id='word_1_48' title='bbox 740 655 793 681; x_wconf 92' lang='lat' dir='ltr'>eo</span> <span class='ocrx_word' id='word_1_49' title='bbox 809 654 898 690; x_wconf 92' lang='lat' dir='ltr'>quo</span> <span class='ocrx_word' id='word_1_50' title='bbox 914 642 954 681; x_wconf 91' lang='lat' dir='ltr'>se</span> <span class='ocrx_word' id='word_1_51' title='bbox 970 642 1258 690; x_wconf 83' lang='lat' dir='ltr'>insequuntur</span> <span class='ocrx_word' id='word_1_52' title='bbox 1274 642 1439 687; x_wconf 88' lang='lat' dir='ltr'>ordine,</span> <span class='ocrx_word' id='word_1_53' title='bbox 1457 641 1769 681; x_wconf 88' lang='lat' dir='ltr'>declaraturus.</span> 
     </span>
    </p>
   </div>
   <div class='ocr_carea' id='block_1_4' title="bbox 489 748 1962 796">
    <p class='ocr_par' dir='ltr' id='par_1_4' title="bbox 489 748 1962 796">
     <span class='ocr_line' id='line_1_9' title="bbox 489 748 1962 796; baseline -0.001 -8"><span class='ocrx_word' id='word_1_54' title='bbox 489 750 568 788; x_wconf 91' lang='lat' dir='ltr'>DE</span> <span class='ocrx_word' id='word_1_55' title='bbox 590 749 1101 788; x_wconf 85' lang='lat' dir='ltr'><strong>REFRACTIONIBUS</strong></span> <span class='ocrx_word' id='word_1_56' title='bbox 1121 749 1294 793; x_wconf 92' lang='lat' dir='ltr'>SOLIS,</span> <span class='ocrx_word' id='word_1_57' title='bbox 1316 748 1659 796; x_wconf 87' lang='lat' dir='ltr'><strong>EARUMQUE</strong></span> <span class='ocrx_word' id='word_1_58' title='bbox 1678 748 1962 788; x_wconf 84' lang='lat' dir='ltr'><strong>TABELLA.</strong></span> 
     </span>
    </p>
   </div>
   <div class='ocr_carea' id='block_1_5' title="bbox 401 819 2130 2523">
    <p class='ocr_par' dir='ltr' id='par_1_5' title="bbox 499 819 2051 868">
     <span class='ocr_line' id='line_1_10' title="bbox 499 819 2051 868; baseline 0 -10"><span class='ocrx_word' id='word_1_59' title='bbox 499 820 594 859; x_wconf 91' lang='lat' dir='ltr'>UM</span> <span class='ocrx_word' id='word_1_60' title='bbox 605 826 705 858; x_wconf 92' lang='lat' dir='ltr'>ante</span> <span class='ocrx_word' id='word_1_61' title='bbox 715 821 872 858; x_wconf 87' lang='lat' dir='ltr'>Annos</span> <span class='ocrx_word' id='word_1_62' title='bbox 882 832 972 858; x_wconf 91' lang='lat' dir='ltr'>non</span> <span class='ocrx_word' id='word_1_63' title='bbox 982 832 1159 868; x_wconf 90' lang='lat' dir='ltr'>paucos,</span> <span class='ocrx_word' id='word_1_64' title='bbox 1172 820 1227 858; x_wconf 89' lang='lat' dir='ltr'>ad</span> <span class='ocrx_word' id='word_1_65' title='bbox 1238 820 1628 858; x_wconf 86' lang='lat' dir='ltr'>confiderationem</span> <span class='ocrx_word' id='word_1_66' title='bbox 1639 819 1676 857; x_wconf 99' lang='grc'>8(</span> <span class='ocrx_word' id='word_1_67' title='bbox 1687 819 2051 859; x_wconf 80' lang='lat' dir='ltr'>obseruationem</span> 
     </span>
    </p>

    <p class='ocr_par' dir='ltr' id='par_1_6' title="bbox 401 873 2130 2523">
     <span class='ocr_line' id='line_1_11' title="bbox 517 873 2122 921; baseline 0 -9"><span class='ocrx_word' id='word_1_68' title='bbox 517 873 770 912; x_wconf 87' lang='lat' dir='ltr'>Coelestium</span> <span class='ocrx_word' id='word_1_69' title='bbox 787 873 1050 921; x_wconf 89' lang='lat' dir='ltr'>Corporum,</span> <span class='ocrx_word' id='word_1_70' title='bbox 1071 875 1272 911; x_wconf 91' lang='lat' dir='ltr'>animum</span> <span class='ocrx_word' id='word_1_71' title='bbox 1288 873 1593 921; x_wconf 87' lang='lat' dir='ltr'>applicuissem,</span> <span class='ocrx_word' id='word_1_72' title='bbox 1611 873 1687 911; x_wconf 92' lang='lat' dir='ltr'>diu</span> <span class='ocrx_word' id='word_1_73' title='bbox 1703 879 1944 921; x_wconf 86' lang='lat' dir='ltr'>antequam</span> <span class='ocrx_word' id='word_1_74' title='bbox 1959 885 2050 912; x_wconf 88' lang='lat' dir='ltr'>ma·</span> <span class='ocrx_word' id='word_1_75' title='bbox 2092 882 2122 907; x_wconf 86' lang='lat'>¹0</span> 
     </span>
     <span class='ocr_line' id='line_1_12' title="bbox 401 925 2051 974; baseline 0.001 -10"><span class='ocrx_word' id='word_1_76' title='bbox 401 929 495 965; x_wconf 90' lang='lat' dir='ltr'>iora</span> <span class='ocrx_word' id='word_1_77' title='bbox 521 926 827 974; x_wconf 75' lang='lat' dir='ltr'>exactioraque</span> <span class='ocrx_word' id='word_1_78' title='bbox 854 926 1032 974; x_wconf 87' lang='lat' dir='ltr'>Organa</span> <span class='ocrx_word' id='word_1_79' title='bbox 1062 928 1107 964; x_wconf 93' lang='lat' dir='ltr'>in</span> <span class='ocrx_word' id='word_1_80' title='bbox 1136 932 1312 974; x_wconf 91' lang='lat' dir='ltr'>promtu</span> <span class='ocrx_word' id='word_1_81' title='bbox 1338 927 1475 970; x_wconf 89' lang='lat' dir='ltr'>essent,</span> <span class='ocrx_word' id='word_1_82' title='bbox 1507 925 1845 971; x_wconf 70' lang='lat' dir='ltr'>Refrafflonum,</span> <span class='ocrx_word' id='word_1_83' title='bbox 1875 938 1976 974; x_wconf 88' lang='lat' dir='ltr'>quae</span> <span class='ocrx_word' id='word_1_84' title='bbox 2005 928 2051 965; x_wconf 91' lang='lat' dir='ltr'>in</span> 
     </span>
     <span class='ocr_line' id='line_1_13' title="bbox 402 979 2051 1028; baseline 0.001 -11"><span class='ocrx_word' id='word_1_85' title='bbox 402 980 563 1018; x_wconf 91' lang='lat' dir='ltr'>horum</span> <span class='ocrx_word' id='word_1_86' title='bbox 579 981 873 1027; x_wconf 85' lang='lat' dir='ltr'>Apparentijs,</span> <span class='ocrx_word' id='word_1_87' title='bbox 890 979 1126 1027; x_wconf 86' lang='lat' dir='ltr'>praesertim</span> <span class='ocrx_word' id='word_1_88' title='bbox 1143 980 1214 1018; x_wconf 92' lang='lat' dir='ltr'>vbi</span> <span class='ocrx_word' id='word_1_89' title='bbox 1231 979 1471 1018; x_wconf 89' lang='lat' dir='ltr'>decliuiora</span> <span class='ocrx_word' id='word_1_90' title='bbox 1486 979 1701 1023; x_wconf 93' lang='lat' dir='ltr'>videntur,</span> <span class='ocrx_word' id='word_1_91' title='bbox 1720 979 1968 1028; x_wconf 91' lang='lat' dir='ltr'>subrepunt,</span> <span class='ocrx_word' id='word_1_92' title='bbox 1985 991 2051 1018; x_wconf 90' lang='lat' dir='ltr'>ra·</span> 
     </span>
     <span class='ocr_line' id='line_1_14' title="bbox 401 1031 2051 1082; baseline 0.001 -12"><span class='ocrx_word' id='word_1_93' title='bbox 401 1036 566 1071; x_wconf 89' lang='lat' dir='ltr'>tionem</span> <span class='ocrx_word' id='word_1_94' title='bbox 582 1035 730 1070; x_wconf 91' lang='lat' dir='ltr'>minus</span> <span class='ocrx_word' id='word_1_95' title='bbox 746 1038 1016 1080; x_wconf 89' lang='lat' dir='ltr'>compertam</span> <span class='ocrx_word' id='word_1_96' title='bbox 1034 1032 1269 1076; x_wconf 73' lang='lat' dir='ltr'>habebam:</span> <span class='ocrx_word' id='word_1_97' title='bbox 1291 1034 1349 1071; x_wconf 88' lang='lat' dir='ltr'>At</span> <span class='ocrx_word' id='word_1_98' title='bbox 1369 1032 1646 1080; x_wconf 89' lang='lat' dir='ltr'>postmodum</span> <span class='ocrx_word' id='word_1_99' title='bbox 1662 1031 1866 1072; x_wconf 69' lang='lat' dir='ltr'>extructis</span> <span class='ocrx_word' id='word_1_100' title='bbox 1880 1033 2051 1082; x_wconf 91' lang='lat' dir='ltr'>grandi-</span> 
     </span>
     <span class='ocr_line' id='line_1_15' title="bbox 402 1085 2053 1134; baseline 0 -10"><span class='ocrx_word' id='word_1_101' title='bbox 402 1086 550 1124; x_wconf 85' lang='lat' dir='ltr'>oribus</span> <span class='ocrx_word' id='word_1_102' title='bbox 571 1086 609 1124; x_wconf 86' lang='lat'>&amp;</span> <span class='ocrx_word' id='word_1_103' title='bbox 630 1086 836 1124; x_wconf 86' lang='lat' dir='ltr'>subtiliter</span> <span class='ocrx_word' id='word_1_104' title='bbox 856 1085 1022 1134; x_wconf 85' lang='lat' dir='ltr'>lingula</span> <span class='ocrx_word' id='word_1_105' title='bbox 1043 1085 1349 1124; x_wconf 87' lang='lat' dir='ltr'>exhibentibus</span> <span class='ocrx_word' id='word_1_106' title='bbox 1369 1086 1570 1133; x_wconf 80' lang='lat' dir='ltr'>organis,</span> <span class='ocrx_word' id='word_1_107' title='bbox 1592 1097 1666 1124; x_wconf 91' lang='lat' dir='ltr'>eas</span> <span class='ocrx_word' id='word_1_108' title='bbox 1686 1086 1785 1124; x_wconf 89' lang='lat' dir='ltr'>satis</span> <span class='ocrx_word' id='word_1_109' title='bbox 1805 1085 2053 1126; x_wconf 84' lang='lat' dir='ltr'>senfibiliter</span> 
     </span>
     <span class='ocr_line' id='line_1_16' title="bbox 401 1138 2122 1187; baseline 0.001 -10"><span class='ocrx_word' id='word_1_110' title='bbox 401 1139 711 1178; x_wconf 90' lang='lat' dir='ltr'>animaduerti:</span> <span class='ocrx_word' id='word_1_111' title='bbox 733 1141 841 1186; x_wconf 92' lang='lat' dir='ltr'>quin</span> <span class='ocrx_word' id='word_1_112' title='bbox 858 1138 895 1176; x_wconf 89' lang='lat'>&amp;</span> <span class='ocrx_word' id='word_1_113' title='bbox 911 1138 1072 1177; x_wconf 91' lang='lat' dir='ltr'>harum</span> <span class='ocrx_word' id='word_1_114' title='bbox 1089 1139 1349 1184; x_wconf 87' lang='lat' dir='ltr'>occafiones,</span> <span class='ocrx_word' id='word_1_115' title='bbox 1371 1139 1425 1177; x_wconf 91' lang='lat' dir='ltr'>ab</span> <span class='ocrx_word' id='word_1_116' title='bbox 1443 1139 1619 1187; x_wconf 90' lang='lat' dir='ltr'>Optices</span> <span class='ocrx_word' id='word_1_117' title='bbox 1635 1138 1923 1187; x_wconf 79' lang='lat' dir='ltr'>scriptoribus,</span> <span class='ocrx_word' id='word_1_118' title='bbox 1944 1142 2051 1179; x_wconf 90' lang='lat' dir='ltr'>iam-</span> <span class='ocrx_word' id='word_1_119' title='bbox 2093 1148 2122 1174; x_wconf 81' lang='lat'>¹⁵</span> 
     </span>
     <span class='ocr_line' id='line_1_17' title="bbox 402 1191 2052 1241; baseline 0.001 -11"><span class='ocrx_word' id='word_1_120' title='bbox 402 1193 569 1231; x_wconf 91' lang='lat' dir='ltr'>dudum</span> <span class='ocrx_word' id='word_1_121' title='bbox 586 1192 916 1240; x_wconf 87' lang='lat' dir='ltr'>quodammodo</span> <span class='ocrx_word' id='word_1_122' title='bbox 932 1191 1185 1240; x_wconf 73' lang='lat' dir='ltr'>perspectas,</span> <span class='ocrx_word' id='word_1_123' title='bbox 1207 1204 1298 1231; x_wconf 88' lang='lat' dir='ltr'>non</span> <span class='ocrx_word' id='word_1_124' title='bbox 1314 1194 1451 1231; x_wconf 93' lang='lat' dir='ltr'>inuite</span> <span class='ocrx_word' id='word_1_125' title='bbox 1468 1194 1668 1241; x_wconf 91' lang='lat' dir='ltr'>cognoui.</span> <span class='ocrx_word' id='word_1_126' title='bbox 1690 1193 1830 1232; x_wconf 88' lang='lat' dir='ltr'>Aiunt</span> <span class='ocrx_word' id='word_1_127' title='bbox 1850 1195 1969 1232; x_wconf 89' lang='lat' dir='ltr'>enim</span> <span class='ocrx_word' id='word_1_128' title='bbox 1990 1193 2052 1231; x_wconf 91' lang='lat' dir='ltr'>illi</span> 
     </span>
     <span class='ocr_line' id='line_1_18' title="bbox 403 1245 2052 1294; baseline 0.001 -11"><span class='ocrx_word' id='word_1_129' title='bbox 403 1246 530 1291; x_wconf 88' lang='lat' dir='ltr'>(inter</span> <span class='ocrx_word' id='word_1_130' title='bbox 551 1257 662 1293; x_wconf 91' lang='lat' dir='ltr'>quos</span> <span class='ocrx_word' id='word_1_131' title='bbox 683 1247 893 1293; x_wconf 89' lang='lat' dir='ltr'>praecipui</span> <span class='ocrx_word' id='word_1_132' title='bbox 913 1245 1009 1283; x_wconf 92' lang='lat' dir='ltr'>sunt</span> <span class='ocrx_word' id='word_1_133' title='bbox 1025 1245 1229 1284; x_wconf 87' lang='lat' dir='ltr'>Alhazen</span> <span class='ocrx_word' id='word_1_134' title='bbox 1247 1245 1284 1283; x_wconf 90' lang='lat'>&amp;</span> <span class='ocrx_word' id='word_1_135' title='bbox 1300 1245 1494 1292; x_wconf 90' lang='lat' dir='ltr'>Vitellio)</span> <span class='ocrx_word' id='word_1_136' title='bbox 1515 1246 1560 1285; x_wconf 92' lang='lat' dir='ltr'>Si</span> <span class='ocrx_word' id='word_1_137' title='bbox 1581 1246 1760 1294; x_wconf 91' lang='lat' dir='ltr'>quando</span> <span class='ocrx_word' id='word_1_138' title='bbox 1780 1258 1848 1285; x_wconf 90' lang='lat' dir='ltr'>res</span> <span class='ocrx_word' id='word_1_139' title='bbox 1864 1246 2052 1291; x_wconf 86' lang='lat' dir='ltr'>vifibilis,</span> 
     </span>
     <span class='ocr_line' id='line_1_19' title="bbox 402 1297 2052 1347; baseline 0.001 -11"><span class='ocrx_word' id='word_1_140' title='bbox 402 1311 477 1347; x_wconf 92' lang='lat' dir='ltr'>per</span> <span class='ocrx_word' id='word_1_141' title='bbox 501 1299 692 1337; x_wconf 81' lang='lat' dir='ltr'>diuersas</span> <span class='ocrx_word' id='word_1_142' title='bbox 713 1298 1051 1347; x_wconf 90' lang='lat' dir='ltr'>Diaphanitates</span> <span class='ocrx_word' id='word_1_143' title='bbox 1073 1297 1298 1347; x_wconf 65' lang='lat' dir='ltr'>spectatur,</span> <span class='ocrx_word' id='word_1_144' title='bbox 1322 1297 1503 1337; x_wconf 73' lang='lat' dir='ltr'>refraCte</span> <span class='ocrx_word' id='word_1_145' title='bbox 1527 1301 1621 1337; x_wconf 90' lang='lat' dir='ltr'>eius</span> <span class='ocrx_word' id='word_1_146' title='bbox 1643 1299 1834 1338; x_wconf 85' lang='lat' dir='ltr'>formam</span> <span class='ocrx_word' id='word_1_147' title='bbox 1852 1299 1961 1338; x_wconf 84' lang='lat' dir='ltr'>visui</span> <span class='ocrx_word' id='word_1_148' title='bbox 1983 1311 2052 1338; x_wconf 90' lang='lat' dir='ltr'>oc-</span> 
     </span>
     <span class='ocr_line' id='line_1_20' title="bbox 402 1352 2052 1401; baseline 0.001 -11"><span class='ocrx_word' id='word_1_149' title='bbox 402 1364 586 1391; x_wconf 91' lang='lat' dir='ltr'>currere.</span> <span class='ocrx_word' id='word_1_150' title='bbox 609 1352 813 1390; x_wconf 90' lang='lat' dir='ltr'>Statuunt</span> <span class='ocrx_word' id='word_1_151' title='bbox 828 1364 934 1390; x_wconf 91' lang='lat' dir='ltr'>vero</span> <span class='ocrx_word' id='word_1_152' title='bbox 951 1352 1242 1400; x_wconf 90' lang='lat' dir='ltr'>Diaphanum</span> <span class='ocrx_word' id='word_1_153' title='bbox 1258 1352 1462 1397; x_wconf 89' lang='lat' dir='ltr'>AEtheris,</span> <span class='ocrx_word' id='word_1_154' title='bbox 1485 1353 1561 1391; x_wconf 88' lang='lat' dir='ltr'>esse</span> <span class='ocrx_word' id='word_1_155' title='bbox 1579 1352 1896 1401; x_wconf 88' lang='lat' dir='ltr'>transparentia</span> <span class='ocrx_word' id='word_1_156' title='bbox 1911 1354 2052 1398; x_wconf 67' lang='lat' dir='ltr'>Aeris,</span> 
     </span>
     <span class='ocr_line' id='line_1_21' title="bbox 403 1405 2123 1454; baseline 0.002 -11"><span class='ocrx_word' id='word_1_157' title='bbox 403 1406 440 1443; x_wconf 92' lang='grc'>8(</span> <span class='ocrx_word' id='word_1_158' title='bbox 453 1406 668 1444; x_wconf 89' lang='lat' dir='ltr'>Elementi</span> <span class='ocrx_word' id='word_1_159' title='bbox 680 1406 806 1454; x_wconf 87' lang='lat' dir='ltr'>Ignis,</span> <span class='ocrx_word' id='word_1_160' title='bbox 825 1405 960 1453; x_wconf 91' lang='lat' dir='ltr'>(quod</span> <span class='ocrx_word' id='word_1_161' title='bbox 973 1417 1172 1444; x_wconf 91' lang='lat' dir='ltr'>concauo</span> <span class='ocrx_word' id='word_1_162' title='bbox 1184 1405 1380 1454; x_wconf 83' lang='lat' dir='ltr'>Sphaerae</span> <span class='ocrx_word' id='word_1_163' title='bbox 1394 1406 1533 1444; x_wconf 89' lang='lat' dir='ltr'>Lunae</span> <span class='ocrx_word' id='word_1_164' title='bbox 1547 1405 1699 1444; x_wconf 80' lang='lat' dir='ltr'>frustra</span> <span class='ocrx_word' id='word_1_165' title='bbox 1711 1406 1895 1453; x_wconf 89' lang='lat' dir='ltr'>assuunt)</span> <span class='ocrx_word' id='word_1_166' title='bbox 1912 1408 2054 1446; x_wconf 91' lang='lat' dir='ltr'>rarius</span> <span class='ocrx_word' id='word_1_167' title='bbox 2091 1414 2123 1440; x_wconf 85' lang='lat'>20</span> 
     </span>
     <span class='ocr_line' id='line_1_22' title="bbox 404 1459 2053 1509; baseline 0.001 -12"><span class='ocrx_word' id='word_1_168' title='bbox 404 1459 441 1497; x_wconf 92' lang='grc'>8(</span> <span class='ocrx_word' id='word_1_169' title='bbox 458 1461 621 1507; x_wconf 91' lang='lat' dir='ltr'>purius.</span> <span class='ocrx_word' id='word_1_170' title='bbox 645 1459 746 1506; x_wconf 92' lang='lat' dir='ltr'>Qua</span> <span class='ocrx_word' id='word_1_171' title='bbox 766 1461 812 1497; x_wconf 92' lang='lat' dir='ltr'>in</span> <span class='ocrx_word' id='word_1_172' title='bbox 833 1470 878 1498; x_wconf 91' lang='lat' dir='ltr'>re</span> <span class='ocrx_word' id='word_1_173' title='bbox 901 1459 972 1497; x_wconf 85' lang='lat' dir='ltr'>etfi</span> <span class='ocrx_word' id='word_1_174' title='bbox 992 1471 1084 1497; x_wconf 90' lang='lat' dir='ltr'>non</span> <span class='ocrx_word' id='word_1_175' title='bbox 1105 1459 1347 1498; x_wconf 90' lang='lat' dir='ltr'>admodum</span> <span class='ocrx_word' id='word_1_176' title='bbox 1363 1471 1389 1498; x_wconf 89' lang='lat' dir='ltr'>a</span> <span class='ocrx_word' id='word_1_177' title='bbox 1405 1471 1510 1498; x_wconf 91' lang='lat' dir='ltr'>vero</span> <span class='ocrx_word' id='word_1_178' title='bbox 1527 1459 1789 1499; x_wconf 88' lang='lat' dir='ltr'>dissentanea</span> <span class='ocrx_word' id='word_1_179' title='bbox 1807 1471 2053 1509; x_wconf 88' lang='lat' dir='ltr'>proponere</span> 
     </span>
     <span class='ocr_line' id='line_1_23' title="bbox 403 1512 2054 1562; baseline 0.001 -12"><span class='ocrx_word' id='word_1_180' title='bbox 403 1514 646 1555; x_wconf 81' lang='lat' dir='ltr'>videantur,</span> <span class='ocrx_word' id='word_1_181' title='bbox 667 1518 816 1551; x_wconf 89' lang='lat' dir='ltr'>tamen</span> <span class='ocrx_word' id='word_1_182' title='bbox 837 1513 943 1551; x_wconf 91' lang='lat' dir='ltr'>dum</span> <span class='ocrx_word' id='word_1_183' title='bbox 960 1512 1139 1551; x_wconf 87' lang='lat' dir='ltr'>Coelum</span> <span class='ocrx_word' id='word_1_184' title='bbox 1158 1524 1181 1551; x_wconf 92' lang='lat' dir='ltr'>e</span> <span class='ocrx_word' id='word_1_185' title='bbox 1197 1518 1396 1551; x_wconf 91' lang='lat' dir='ltr'>veterum</span> <span class='ocrx_word' id='word_1_186' title='bbox 1417 1512 1796 1561; x_wconf 88' lang='lat' dir='ltr'>Philosophorum,</span> <span class='ocrx_word' id='word_1_187' title='bbox 1817 1513 2054 1562; x_wconf 87' lang='lat' dir='ltr'>praesertim</span> 
     </span>
     <span class='ocr_line' id='line_1_24' title="bbox 403 1565 2053 1616; baseline 0.001 -12"><span class='ocrx_word' id='word_1_188' title='bbox 403 1566 653 1609; x_wconf 84' lang='lat' dir='ltr'>Aristotelis,</span> <span class='ocrx_word' id='word_1_189' title='bbox 676 1568 806 1604; x_wconf 92' lang='lat' dir='ltr'>nimis</span> <span class='ocrx_word' id='word_1_190' title='bbox 823 1566 898 1604; x_wconf 91' lang='lat' dir='ltr'>diu</span> <span class='ocrx_word' id='word_1_191' title='bbox 914 1572 1087 1614; x_wconf 91' lang='lat' dir='ltr'>recepta</span> <span class='ocrx_word' id='word_1_192' title='bbox 1103 1565 1394 1610; x_wconf 87' lang='lat' dir='ltr'>Authoritate,</span> <span class='ocrx_word' id='word_1_193' title='bbox 1417 1578 1470 1605; x_wconf 89' lang='lat' dir='ltr'>ex</span> <span class='ocrx_word' id='word_1_194' title='bbox 1490 1566 1626 1605; x_wconf 92' lang='lat' dir='ltr'>solida</span> <span class='ocrx_word' id='word_1_195' title='bbox 1642 1567 1792 1615; x_wconf 91' lang='lat' dir='ltr'>aliqua</span> <span class='ocrx_word' id='word_1_196' title='bbox 1809 1567 2053 1616; x_wconf 77' lang='lat' dir='ltr'>Diaphani-</span> 
     </span>
     <span class='ocr_line' id='line_1_25' title="bbox 405 1619 2054 1669; baseline 0.001 -12"><span class='ocrx_word' id='word_1_197' title='bbox 405 1625 490 1658; x_wconf 92' lang='lat' dir='ltr'>tate</span> <span class='ocrx_word' id='word_1_198' title='bbox 511 1619 715 1664; x_wconf 90' lang='lat' dir='ltr'>constare,</span> <span class='ocrx_word' id='word_1_199' title='bbox 738 1619 775 1657; x_wconf 92' lang='grc'>8(</span> <span class='ocrx_word' id='word_1_200' title='bbox 795 1619 1044 1658; x_wconf 75' lang='lat' dir='ltr'>sensibiliter</span> <span class='ocrx_word' id='word_1_201' title='bbox 1064 1620 1118 1658; x_wconf 90' lang='lat' dir='ltr'>ab</span> <span class='ocrx_word' id='word_1_202' title='bbox 1135 1621 1264 1658; x_wconf 82' lang='lat' dir='ltr'>A&#39;eris</span> <span class='ocrx_word' id='word_1_203' title='bbox 1282 1620 1597 1668; x_wconf 88' lang='lat' dir='ltr'>transparentia</span> <span class='ocrx_word' id='word_1_204' title='bbox 1614 1619 1786 1659; x_wconf 82' lang='lat' dir='ltr'>differre</span> <span class='ocrx_word' id='word_1_205' title='bbox 1803 1622 2054 1669; x_wconf 90' lang='lat' dir='ltr'>opinantur.</span> 
     </span>
     <span class='ocr_line' id='line_1_26' title="bbox 404 1672 2124 1722; baseline 0.001 -11"><span class='ocrx_word' id='word_1_206' title='bbox 404 1675 590 1711; x_wconf 90' lang='lat' dir='ltr'>nimium</span> <span class='ocrx_word' id='word_1_207' title='bbox 612 1673 726 1711; x_wconf 89' lang='lat' dir='ltr'>hanc</span> <span class='ocrx_word' id='word_1_208' title='bbox 748 1673 1020 1711; x_wconf 87' lang='lat' dir='ltr'>occafionem</span> <span class='ocrx_word' id='word_1_209' title='bbox 1041 1679 1364 1721; x_wconf 84' lang='lat' dir='ltr'>exaggerantes,</span> <span class='ocrx_word' id='word_1_210' title='bbox 1385 1673 1484 1721; x_wconf 88' lang='lat' dir='ltr'>plus</span> <span class='ocrx_word' id='word_1_211' title='bbox 1504 1673 1610 1712; x_wconf 86' lang='lat' dir='ltr'>iusto</span> <span class='ocrx_word' id='word_1_212' title='bbox 1628 1672 1924 1713; x_wconf 65' lang='lat' dir='ltr'>Resractiones</span> <span class='ocrx_word' id='word_1_213' title='bbox 1943 1673 2055 1722; x_wconf 85' lang='lat' dir='ltr'>ipsas</span> <span class='ocrx_word' id='word_1_214' title='bbox 2092 1682 2124 1707; x_wconf 81' lang='lat'>2⁵</span> 
     </span>
     <span class='ocr_line' id='line_1_27' title="bbox 405 1726 2055 1776; baseline 0.001 -12"><span class='ocrx_word' id='word_1_215' title='bbox 405 1727 692 1765; x_wconf 87' lang='lat' dir='ltr'>adauxerunt.</span> <span class='ocrx_word' id='word_1_216' title='bbox 715 1727 766 1764; x_wconf 92' lang='lat' dir='ltr'>Et</span> <span class='ocrx_word' id='word_1_217' title='bbox 786 1726 887 1764; x_wconf 90' lang='lat' dir='ltr'>sane</span> <span class='ocrx_word' id='word_1_218' title='bbox 909 1728 1364 1774; x_wconf 85' lang='lat' dir='ltr'>experimentationes,</span> <span class='ocrx_word' id='word_1_219' title='bbox 1387 1738 1497 1775; x_wconf 90' lang='lat' dir='ltr'>quas</span> <span class='ocrx_word' id='word_1_220' title='bbox 1513 1726 1717 1766; x_wconf 85' lang='lat' dir='ltr'>Alhazen</span> <span class='ocrx_word' id='word_1_221' title='bbox 1733 1727 1804 1765; x_wconf 90' lang='lat' dir='ltr'>lib.</span> <span class='ocrx_word' id='word_1_222' title='bbox 1821 1727 1857 1766; x_wconf 92' lang='lat'>7.</span> <span class='ocrx_word' id='word_1_223' title='bbox 1874 1739 1996 1776; x_wconf 92' lang='lat' dir='ltr'>prop.</span> <span class='ocrx_word' id='word_1_224' title='bbox 2013 1728 2055 1766; x_wconf 90' lang='grc'>15</span> 
     </span>
     <span class='ocr_line' id='line_1_28' title="bbox 406 1779 2055 1829; baseline 0.001 -12"><span class='ocrx_word' id='word_1_225' title='bbox 406 1780 442 1817; x_wconf 93' lang='grc'>8(</span> <span class='ocrx_word' id='word_1_226' title='bbox 459 1780 675 1827; x_wconf 85' lang='lat' dir='ltr'>sequente,</span> <span class='ocrx_word' id='word_1_227' title='bbox 692 1780 905 1828; x_wconf 79' lang='lat' dir='ltr'>ipsiusque</span> <span class='ocrx_word' id='word_1_228' title='bbox 922 1782 1113 1818; x_wconf 91' lang='lat' dir='ltr'>imitator</span> <span class='ocrx_word' id='word_1_229' title='bbox 1125 1780 1300 1818; x_wconf 92' lang='lat' dir='ltr'>Vitellio</span> <span class='ocrx_word' id='word_1_230' title='bbox 1317 1780 1387 1818; x_wconf 92' lang='lat' dir='ltr'>lib.</span> <span class='ocrx_word' id='word_1_231' title='bbox 1406 1780 1458 1819; x_wconf 93' lang='lat'>10.</span> <span class='ocrx_word' id='word_1_232' title='bbox 1476 1792 1598 1828; x_wconf 90' lang='lat' dir='ltr'>prop.</span> <span class='ocrx_word' id='word_1_233' title='bbox 1616 1781 1666 1819; x_wconf 84' lang='lat'>49</span> <span class='ocrx_word' id='word_1_234' title='bbox 1679 1779 1716 1818; x_wconf 91' lang='grc'>8(</span> <span class='ocrx_word' id='word_1_235' title='bbox 1728 1780 1792 1825; x_wconf 88' lang='lat'>50,</span> <span class='ocrx_word' id='word_1_236' title='bbox 1808 1792 1886 1829; x_wconf 90' lang='lat' dir='ltr'>per</span> <span class='ocrx_word' id='word_1_237' title='bbox 1901 1780 2055 1819; x_wconf 82' lang='lat' dir='ltr'>Instru-</span> 
     </span>
     <span class='ocr_line' id='line_1_29' title="bbox 405 1833 2055 1882; baseline 0.001 -11"><span class='ocrx_word' id='word_1_238' title='bbox 405 1839 602 1871; x_wconf 91' lang='lat' dir='ltr'>mentum</span> <span class='ocrx_word' id='word_1_239' title='bbox 619 1833 855 1872; x_wconf 82' lang='lat' dir='ltr'>Armillare</span> <span class='ocrx_word' id='word_1_240' title='bbox 872 1833 1075 1882; x_wconf 90' lang='lat' dir='ltr'>allegant,</span> <span class='ocrx_word' id='word_1_241' title='bbox 1097 1833 1261 1872; x_wconf 87' lang='lat' dir='ltr'>etiamfi</span> <span class='ocrx_word' id='word_1_242' title='bbox 1277 1835 1337 1872; x_wconf 93' lang='lat' dir='ltr'>ita</span> <span class='ocrx_word' id='word_1_243' title='bbox 1352 1833 1478 1872; x_wconf 86' lang='lat' dir='ltr'>facile</span> <span class='ocrx_word' id='word_1_244' title='bbox 1496 1836 1742 1872; x_wconf 87' lang='lat' dir='ltr'>executioni</span> <span class='ocrx_word' id='word_1_245' title='bbox 1759 1839 1968 1882; x_wconf 89' lang='lat' dir='ltr'>paterent,</span> <span class='ocrx_word' id='word_1_246' title='bbox 1984 1845 2055 1873; x_wconf 89' lang='lat' dir='ltr'>ve-</span> 
     </span>
     <span class='ocr_line' id='line_1_30' title="bbox 405 1886 2055 1935; baseline 0.001 -11"><span class='ocrx_word' id='word_1_247' title='bbox 405 1887 482 1924; x_wconf 91' lang='lat' dir='ltr'>luti</span> <span class='ocrx_word' id='word_1_248' title='bbox 496 1887 549 1924; x_wconf 92' lang='lat' dir='ltr'>ab</span> <span class='ocrx_word' id='word_1_249' title='bbox 562 1889 614 1934; x_wconf 91' lang='lat' dir='ltr'>ijs</span> <span class='ocrx_word' id='word_1_250' title='bbox 626 1886 906 1935; x_wconf 87' lang='lat' dir='ltr'>proferuntur</span> <span class='ocrx_word' id='word_1_251' title='bbox 919 1887 1054 1934; x_wconf 92' lang='lat' dir='ltr'>(quod</span> <span class='ocrx_word' id='word_1_252' title='bbox 1067 1892 1214 1925; x_wconf 90' lang='lat' dir='ltr'>tamen</span> <span class='ocrx_word' id='word_1_253' title='bbox 1226 1887 1296 1925; x_wconf 90' lang='lat' dir='ltr'>vel</span> <span class='ocrx_word' id='word_1_254' title='bbox 1307 1887 1362 1926; x_wconf 91' lang='lat' dir='ltr'>ab</span> <span class='ocrx_word' id='word_1_255' title='bbox 1374 1887 1483 1935; x_wconf 88' lang='lat' dir='ltr'>ipfis,</span> <span class='ocrx_word' id='word_1_256' title='bbox 1499 1887 1568 1925; x_wconf 91' lang='lat' dir='ltr'>vel</span> <span class='ocrx_word' id='word_1_257' title='bbox 1580 1899 1807 1935; x_wconf 88' lang='lat' dir='ltr'>quoquam</span> <span class='ocrx_word' id='word_1_258' title='bbox 1819 1887 1920 1931; x_wconf 89' lang='lat' dir='ltr'>alio,</span> <span class='ocrx_word' id='word_1_259' title='bbox 1937 1893 2055 1926; x_wconf 89' lang='lat' dir='ltr'>ante·</span> 
     </span>
     <span class='ocr_line' id='line_1_31' title="bbox 406 1940 2127 1989; baseline 0.002 -12"><span class='ocrx_word' id='word_1_260' title='bbox 406 1940 487 1978; x_wconf 86' lang='lat' dir='ltr'>hac</span> <span class='ocrx_word' id='word_1_261' title='bbox 514 1940 568 1977; x_wconf 94' lang='lat' dir='ltr'>ob</span> <span class='ocrx_word' id='word_1_262' title='bbox 595 1942 655 1978; x_wconf 93' lang='lat' dir='ltr'>rei</span> <span class='ocrx_word' id='word_1_263' title='bbox 681 1940 957 1988; x_wconf 86' lang='lat' dir='ltr'>inquirendae</span> <span class='ocrx_word' id='word_1_264' title='bbox 982 1940 1271 1983; x_wconf 84' lang='lat' dir='ltr'>subtilitatem,</span> <span class='ocrx_word' id='word_1_265' title='bbox 1294 1940 1332 1978; x_wconf 88' lang='lat'>&amp;</span> <span class='ocrx_word' id='word_1_266' title='bbox 1353 1940 1640 1985; x_wconf 82' lang='lat' dir='ltr'>Instrumenti,</span> <span class='ocrx_word' id='word_1_267' title='bbox 1666 1941 1785 1989; x_wconf 94' lang='lat' dir='ltr'>quod</span> <span class='ocrx_word' id='word_1_268' title='bbox 1810 1943 2056 1989; x_wconf 88' lang='lat' dir='ltr'>requiritur,</span> <span class='ocrx_word' id='word_1_269' title='bbox 2094 1948 2127 1974; x_wconf 84' lang='lat'>³⁰</span> 
     </span>
     <span class='ocr_line' id='line_1_32' title="bbox 406 1993 2056 2043; baseline 0.001 -12"><span class='ocrx_word' id='word_1_270' title='bbox 406 1994 752 2041; x_wconf 86' lang='lat' dir='ltr'>magnitudinem</span> <span class='ocrx_word' id='word_1_271' title='bbox 774 1993 811 2031; x_wconf 87' lang='lat'>&amp;</span> <span class='ocrx_word' id='word_1_272' title='bbox 833 1993 1195 2041; x_wconf 84' lang='lat' dir='ltr'>exquifitissimam</span> <span class='ocrx_word' id='word_1_273' title='bbox 1218 1996 1263 2032; x_wconf 92' lang='lat' dir='ltr'>in</span> <span class='ocrx_word' id='word_1_274' title='bbox 1287 1994 1495 2033; x_wconf 90' lang='lat' dir='ltr'>omnibus</span> <span class='ocrx_word' id='word_1_275' title='bbox 1515 1994 1924 2039; x_wconf 87' lang='lat' dir='ltr'>conformationem,</span> <span class='ocrx_word' id='word_1_276' title='bbox 1948 2006 2056 2043; x_wconf 87' lang='lat' dir='ltr'>prae-</span> 
     </span>
     <span class='ocr_line' id='line_1_33' title="bbox 407 2047 2058 2097; baseline 0.002 -13"><span class='ocrx_word' id='word_1_277' title='bbox 407 2047 546 2084; x_wconf 83' lang='lat' dir='ltr'>stitum</span> <span class='ocrx_word' id='word_1_278' title='bbox 571 2048 659 2089; x_wconf 85' lang='lat' dir='ltr'>esse.</span> <span class='ocrx_word' id='word_1_279' title='bbox 682 2049 753 2084; x_wconf 89' lang='lat' dir='ltr'>vix</span> <span class='ocrx_word' id='word_1_280' title='bbox 777 2047 886 2084; x_wconf 90' lang='lat' dir='ltr'>mihi</span> <span class='ocrx_word' id='word_1_281' title='bbox 910 2047 1124 2095; x_wconf 88' lang='lat' dir='ltr'>quispiam</span> <span class='ocrx_word' id='word_1_282' title='bbox 1147 2047 1417 2095; x_wconf 88' lang='lat' dir='ltr'>persuaserit)</span> <span class='ocrx_word' id='word_1_283' title='bbox 1441 2047 1731 2086; x_wconf 91' lang='lat' dir='ltr'>nihilominus</span> <span class='ocrx_word' id='word_1_284' title='bbox 1754 2054 1994 2097; x_wconf 84' lang='lat' dir='ltr'>tantopere.</span> <span class='ocrx_word' id='word_1_285' title='bbox 2014 2053 2058 2086; x_wconf 86' lang='lat' dir='ltr'>vt</span> 
     </span>
     <span class='ocr_line' id='line_1_34' title="bbox 407 2100 2058 2149; baseline 0.001 -12"><span class='ocrx_word' id='word_1_286' title='bbox 407 2100 660 2143; x_wconf 82' lang='lat' dir='ltr'>existimant,</span> <span class='ocrx_word' id='word_1_287' title='bbox 682 2100 873 2147; x_wconf 89' lang='lat' dir='ltr'>ipsorum</span> <span class='ocrx_word' id='word_1_288' title='bbox 890 2100 1126 2139; x_wconf 69' lang='lat' dir='ltr'>Sententiae</span> <span class='ocrx_word' id='word_1_289' title='bbox 1143 2103 1215 2138; x_wconf 86' lang='lat' dir='ltr'>vix</span> <span class='ocrx_word' id='word_1_290' title='bbox 1232 2100 1534 2149; x_wconf 83' lang='lat' dir='ltr'>suffragantur.</span> <span class='ocrx_word' id='word_1_291' title='bbox 1557 2101 1677 2140; x_wconf 91' lang='lat' dir='ltr'>Nam</span> <span class='ocrx_word' id='word_1_292' title='bbox 1698 2101 1726 2139; x_wconf 91' lang='lat' dir='ltr'>s1</span> <span class='ocrx_word' id='word_1_293' title='bbox 1747 2101 1859 2140; x_wconf 90' lang='lat' dir='ltr'>adeo</span> <span class='ocrx_word' id='word_1_294' title='bbox 1876 2101 2058 2141; x_wconf 89' lang='lat' dir='ltr'>euidens</span> 
     </span>
     <span class='ocr_line' id='line_1_35' title="bbox 407 2153 2057 2202; baseline 0.002 -12"><span class='ocrx_word' id='word_1_295' title='bbox 407 2154 500 2191; x_wconf 83' lang='lat' dir='ltr'>esset</span> <span class='ocrx_word' id='word_1_296' title='bbox 522 2153 863 2200; x_wconf 88' lang='lat' dir='ltr'>Diaphanorum</span> <span class='ocrx_word' id='word_1_297' title='bbox 884 2153 1076 2192; x_wconf 88' lang='lat' dir='ltr'>AEtheris</span> <span class='ocrx_word' id='word_1_298' title='bbox 1098 2153 1135 2191; x_wconf 91' lang='grc'>8(</span> <span class='ocrx_word' id='word_1_299' title='bbox 1155 2155 1283 2192; x_wconf 81' lang='lat' dir='ltr'>A&#39;eris</span> <span class='ocrx_word' id='word_1_300' title='bbox 1304 2154 1601 2202; x_wconf 86' lang='lat' dir='ltr'>discrepantia,</span> <span class='ocrx_word' id='word_1_301' title='bbox 1623 2155 1801 2202; x_wconf 90' lang='lat' dir='ltr'>qualem</span> <span class='ocrx_word' id='word_1_302' title='bbox 1821 2154 1883 2193; x_wconf 90' lang='lat' dir='ltr'>illi</span> <span class='ocrx_word' id='word_1_303' title='bbox 1904 2155 2057 2194; x_wconf 90' lang='lat' dir='ltr'>admit-</span> 
     </span>
     <span class='ocr_line' id='line_1_36' title="bbox 408 2206 2128 2254; baseline 0.002 -10"><span class='ocrx_word' id='word_1_304' title='bbox 408 2212 513 2248; x_wconf 87' lang='lat' dir='ltr'>tunt,</span> <span class='ocrx_word' id='word_1_305' title='bbox 532 2209 678 2253; x_wconf 89' lang='lat' dir='ltr'>vtique</span> <span class='ocrx_word' id='word_1_306' title='bbox 700 2207 754 2244; x_wconf 88' lang='lat' dir='ltr'>ad</span> <span class='ocrx_word' id='word_1_307' title='bbox 776 2207 914 2254; x_wconf 88' lang='lat' dir='ltr'>ipsum</span> <span class='ocrx_word' id='word_1_308' title='bbox 936 2219 1047 2254; x_wconf 91' lang='lat' dir='ltr'>pene</span> <span class='ocrx_word' id='word_1_309' title='bbox 1064 2210 1284 2250; x_wconf 86' lang='lat' dir='ltr'>verticem,</span> <span class='ocrx_word' id='word_1_310' title='bbox 1307 2207 1508 2246; x_wconf 90' lang='lat' dir='ltr'>Siderum</span> <span class='ocrx_word' id='word_1_311' title='bbox 1528 2206 1824 2247; x_wconf 68' lang='lat' dir='ltr'>Resractiones</span> <span class='ocrx_word' id='word_1_312' title='bbox 1845 2207 2059 2247; x_wconf 86' lang='lat' dir='ltr'>senfibiles</span> <span class='ocrx_word' id='word_1_313' title='bbox 2096 2215 2128 2241; x_wconf 80' lang='lat'>³⁵</span> 
     </span>
     <span class='ocr_line' id='line_1_37' title="bbox 408 2259 2059 2310; baseline 0.002 -13"><span class='ocrx_word' id='word_1_314' title='bbox 408 2259 560 2301; x_wconf 84' lang='lat' dir='ltr'>forent.</span> <span class='ocrx_word' id='word_1_315' title='bbox 583 2260 624 2297; x_wconf 93' lang='lat' dir='ltr'>id</span> <span class='ocrx_word' id='word_1_316' title='bbox 646 2260 763 2307; x_wconf 86' lang='lat' dir='ltr'>quod</span> <span class='ocrx_word' id='word_1_317' title='bbox 785 2262 1066 2307; x_wconf 77' lang='lat' dir='ltr'>experientiae</span> <span class='ocrx_word' id='word_1_318' title='bbox 1089 2261 1281 2299; x_wconf 89' lang='lat' dir='ltr'>euidenti</span> <span class='ocrx_word' id='word_1_319' title='bbox 1303 2273 1588 2309; x_wconf 89' lang='lat' dir='ltr'>nequaquam</span> <span class='ocrx_word' id='word_1_320' title='bbox 1605 2261 1924 2310; x_wconf 89' lang='lat' dir='ltr'>correspondet:</span> <span class='ocrx_word' id='word_1_321' title='bbox 1947 2261 2059 2300; x_wconf 83' lang='lat' dir='ltr'>Haec</span> 
     </span>
     <span class='ocr_line' id='line_1_38' title="bbox 408 2313 2060 2361; baseline 0.002 -11"><span class='ocrx_word' id='word_1_322' title='bbox 408 2315 526 2350; x_wconf 90' lang='lat' dir='ltr'>enim</span> <span class='ocrx_word' id='word_1_323' title='bbox 548 2325 701 2351; x_wconf 89' lang='lat' dir='ltr'>earum</span> <span class='ocrx_word' id='word_1_324' title='bbox 722 2313 925 2351; x_wconf 88' lang='lat' dir='ltr'>mensura</span> <span class='ocrx_word' id='word_1_325' title='bbox 947 2316 990 2351; x_wconf 86' lang='lat' dir='ltr'>in</span> <span class='ocrx_word' id='word_1_326' title='bbox 1012 2314 1146 2361; x_wconf 93' lang='lat' dir='ltr'>paulo</span> <span class='ocrx_word' id='word_1_327' title='bbox 1168 2314 1406 2353; x_wconf 88' lang='lat' dir='ltr'>sublimiori</span> <span class='ocrx_word' id='word_1_328' title='bbox 1427 2315 1505 2353; x_wconf 86' lang='lat' dir='ltr'>[itu</span> <span class='ocrx_word' id='word_1_329' title='bbox 1527 2315 1638 2353; x_wconf 91' lang='lat' dir='ltr'>adeo</span> <span class='ocrx_word' id='word_1_330' title='bbox 1659 2321 1868 2358; x_wconf 87' lang='lat' dir='ltr'>attenuat.</span> <span class='ocrx_word' id='word_1_331' title='bbox 1887 2321 1930 2353; x_wconf 88' lang='lat' dir='ltr'>vt</span> <span class='ocrx_word' id='word_1_332' title='bbox 1947 2316 2060 2354; x_wconf 85' lang='lat' dir='ltr'>circa</span> 
     </span>
     <span class='ocr_line' id='line_1_39' title="bbox 409 2366 2059 2417; baseline 0.002 -13"><span class='ocrx_word' id='word_1_333' title='bbox 409 2366 678 2412; x_wconf 86' lang='lat' dir='ltr'>Quadrantis</span> <span class='ocrx_word' id='word_1_334' title='bbox 695 2367 985 2408; x_wconf 82' lang='lat' dir='ltr'>medietatem.</span> <span class='ocrx_word' id='word_1_335' title='bbox 1008 2369 1140 2405; x_wconf 89' lang='lat' dir='ltr'>etiam</span> <span class='ocrx_word' id='word_1_336' title='bbox 1158 2369 1202 2405; x_wconf 88' lang='lat' dir='ltr'>in</span> <span class='ocrx_word' id='word_1_337' title='bbox 1219 2367 1331 2409; x_wconf 85' lang='lat' dir='ltr'>Sole.</span> <span class='ocrx_word' id='word_1_338' title='bbox 1353 2379 1488 2415; x_wconf 88' lang='lat' dir='ltr'>quam</span> <span class='ocrx_word' id='word_1_339' title='bbox 1507 2371 1742 2406; x_wconf 91' lang='lat' dir='ltr'>minimum</span> <span class='ocrx_word' id='word_1_340' title='bbox 1759 2368 1836 2407; x_wconf 85' lang='lat' dir='ltr'>fint</span> <span class='ocrx_word' id='word_1_341' title='bbox 1852 2370 2059 2417; x_wconf 88' lang='lat' dir='ltr'>percepti·</span> 
     </span>
     <span class='ocr_line' id='line_1_40' title="bbox 408 2419 2060 2470; baseline 0.002 -14"><span class='ocrx_word' id='word_1_342' title='bbox 408 2419 527 2457; x_wconf 89' lang='lat' dir='ltr'>biles.</span> <span class='ocrx_word' id='word_1_343' title='bbox 553 2420 764 2458; x_wconf 88' lang='lat' dir='ltr'>Potissima</span> <span class='ocrx_word' id='word_1_344' title='bbox 788 2422 915 2468; x_wconf 90' lang='lat' dir='ltr'>igitur</span> <span class='ocrx_word' id='word_1_345' title='bbox 936 2420 972 2457; x_wconf 92' lang='grc'>8(</span> <span class='ocrx_word' id='word_1_346' title='bbox 995 2423 1138 2458; x_wconf 92' lang='lat' dir='ltr'>verior</span> <span class='ocrx_word' id='word_1_347' title='bbox 1164 2420 1487 2459; x_wconf 68' lang='lat' dir='ltr'>RefraCtionum</span> <span class='ocrx_word' id='word_1_348' title='bbox 1511 2421 1652 2464; x_wconf 86' lang='lat' dir='ltr'>causa,</span> <span class='ocrx_word' id='word_1_349' title='bbox 1677 2422 1731 2460; x_wconf 88' lang='lat' dir='ltr'>est</span> <span class='ocrx_word' id='word_1_350' title='bbox 1755 2424 1799 2460; x_wconf 91' lang='lat' dir='ltr'>in</span> <span class='ocrx_word' id='word_1_351' title='bbox 1822 2422 2060 2470; x_wconf 87' lang='lat' dir='ltr'>vaporibus</span> 
     </span>
     <span class='ocr_line' id='line_1_41' title="bbox 409 2472 2130 2523; baseline 0.002 -13"><span class='ocrx_word' id='word_1_352' title='bbox 409 2472 556 2510; x_wconf 88' lang='lat' dir='ltr'>Terrae</span> <span class='ocrx_word' id='word_1_353' title='bbox 569 2473 809 2520; x_wconf 87' lang='lat' dir='ltr'>superficiei</span> <span class='ocrx_word' id='word_1_354' title='bbox 822 2480 1033 2520; x_wconf 88' lang='lat' dir='ltr'>perpetuo</span> <span class='ocrx_word' id='word_1_355' title='bbox 1046 2474 1388 2516; x_wconf 83' lang='lat' dir='ltr'>imminentibus.</span> <span class='ocrx_word' id='word_1_356' title='bbox 1407 2477 1482 2521; x_wconf 91' lang='lat' dir='ltr'>qui</span> <span class='ocrx_word' id='word_1_357' title='bbox 1495 2476 1657 2513; x_wconf 75' lang='lat' dir='ltr'>Aerem</span> <span class='ocrx_word' id='word_1_358' title='bbox 1670 2475 1796 2514; x_wconf 91' lang='lat' dir='ltr'>nobis</span> <span class='ocrx_word' id='word_1_359' title='bbox 1808 2477 2060 2523; x_wconf 80' lang='lat' dir='ltr'>proximum</span> <span class='ocrx_word' id='word_1_360' title='bbox 2097 2481 2130 2507; x_wconf 82' lang='lat'>⁴⁰</span> 
     </span>
    </p>
   </div>
   <div class='ocr_carea' id='block_1_6' title="bbox 1829 2528 2060 2576">
    <p class='ocr_par' dir='ltr' id='par_1_7' title="bbox 1829 2528 2060 2576">
     <span class='ocr_line' id='line_1_42' title="bbox 1829 2528 2060 2576; baseline 0 -9"><span class='ocrx_word' id='word_1_361' title='bbox 1829 2528 2060 2576; x_wconf 82' lang='lat' dir='ltr'>paululum</span> 
     </span>
    </p>
   </div>
  </div>
 </body>
</html>
