2164 3246
369 232 1027 272 PROGYMNASMATUM
1050 233 1363 272 SECUNDA
1385 234 1535 273 PARS
1703 234 1779 273 327

128 339 261 378 nullis
272 338 639 377 Astronomorum
654 339 833 387 praedici
849 342 999 387 potuit.
1018 339 1117 378 Sole
1135 347 1283 378 autem
1295 341 1482 379 Lumine
1495 341 1660 385 orbato,
1679 353 1778 379 con-

126 392 311 441 sequens
332 392 399 437 est,
421 392 596 430 Lunam
617 404 794 440 quoque
814 393 1088 431 tenebrosam
1109 394 1241 439 reddi,
1264 406 1364 432 cum
1385 406 1477 432 non
1497 397 1687 442 proprio,
1709 394 1779 433 sed

127 446 260 485 huius
280 445 443 494 fulgeat
462 445 703 493 splendore.
728 446 963 494 Perperam
984 449 1130 494 itaque
1153 447 1309 485 Christi
1331 448 1611 495 Prophetiam
1634 448 1778 496 Mysti-

127 511 225 539 cam
245 499 502 538 naturaliter
521 499 719 547 plerique
741 506 980 547 exponunt,
1003 502 1077 547 qui
1098 500 1138 538 se
1155 501 1390 539 verborum
1412 503 1504 539 eius
1526 504 1778 549 interpreta-

73 566 89 592 5
126 556 293 592 tionem
309 552 479 597 callere,
496 553 628 600 vulgo
644 552 904 600 persuadere
922 552 1137 591 affectant.
1155 550 1169 603 ΙΙ

37 613 103 646 329
181 606 303 654 Quin
328 606 366 644 8(
391 606 444 644 de
469 605 703 644 Stellarum
734 606 1110 644 consummatione
1137 607 1325 654 casuque
1351 610 1481 645 nimis
1506 609 1655 646 timide
1681 620 1777 656 pro-

126 662 343 705 nuntiant,
367 659 437 698 vel
460 659 512 698 de
534 659 732 704 Facibus,
756 659 936 697 subinde
959 659 1110 698 serena
1132 659 1270 698 Nocte
1294 661 1474 698 instante
1498 661 1679 699 siccitate
1704 669 1778 700 aut

125 714 372 752 Ventorum
393 713 616 757 violentia,
641 713 908 756 cadentibus,
933 713 1051 760 quod
1075 720 1175 751 ante
1198 713 1359 751 Mundi
1384 715 1602 752 excidium
1624 716 1776 753 crebri-

126 778 224 806 ores
240 769 506 815 appariturae
522 766 617 810 fint;
634 766 705 804 vel
721 768 853 805 etiam
869 766 1100 814 allegorice
1113 767 1165 805 de
1178 767 1419 805 Luminum
1432 768 1491 814 (vt
1503 770 1776 816 reputantur)

57 833 89 860 ιο
126 820 326 860 Ecclefiae
342 819 583 859 defectione
601 819 639 858 &
654 819 789 867 lapsu,
812 826 1098 868 exponentes;
1121 820 1204 858 hac
1220 820 1452 868 posteriore
1470 821 1776 865 declaratione,

125 874 274 922 quoad
284 873 454 912 sensum
465 873 766 922 Allegoricum
780 885 872 911 non
886 874 1128 912 admodum
1144 876 1410 912 inconcinna
1427 875 1640 913 existente.
1659 876 1777 913 Nam

125 927 164 967 &
179 927 284 966 Psal.
301 928 355 966 19.
375 927 603 976 Euangelij
622 927 853 965 Praecones
870 926 962 966 Soli
978 934 1109 975 atque
1128 927 1386 966 Coelestibus
1404 928 1674 976 Corporibus
1691 930 1776 967 assi-

67 990 88 1021 †
124 981 346 1020 milantur.
364 981 468 1020 Ideo
482 981 537 1019 ab
549 980 758 1029 Apostolo
770 981 904 1019 verba
916 981 991 1019 illa
1003 981 1055 1019 de
1070 981 1198 1019 Coelo
1212 981 1249 1019 8(
1262 981 1361 1020 Sole
1374 982 1595 1020 literaliter
1607 982 1645 1020 &
1658 982 1777 1029 quasi

124 1036 171 1073 in
186 1034 390 1083 exemplo
406 1037 702 1083 pronuntiata,
720 1046 813 1072 non
828 1036 1047 1072 immerito
1062 1035 1117 1073 ad
1129 1035 1422 1073 vniuersalem
1435 1035 1660 1084 Euangelij
1680 1048 1776 1083 pro—

57 1101 88 1127 15
123 1087 442 1137 mulgationem
457 1087 630 1137 mystice
647 1088 904 1137 allegantur.
921 1088 1043 1126 Prior
1060 1094 1208 1126 autem
1223 1089 1370 1136 quoad
1382 1088 1548 1127 faculas
1561 1090 1776 1133 cadentes,

66 1151 88 1182 ΐ-
125 1153 315 1190 quarum
331 1144 464 1181 etiam
479 1144 665 1180 materia
679 1142 900 1180 interdum
917 1141 1059 1179 Humi
1080 1144 1304 1189 reperitur,
1327 1144 1635 1189 interpretatio,
1658 1154 1775 1190 pror-

124 1195 194 1234 sus
208 1195 367 1234 insulsa
383 1195 450 1240 est,
468 1195 507 1234 &
522 1207 549 1234 a
564 1202 710 1234 mente
728 1195 964 1234 CHRISTI
981 1195 1246 1234 alienissima.
1269 1196 1388 1234 Nam
1405 1195 1443 1233 8(
1459 1196 1615 1234 Stellas
1633 1196 1776 1235 Coele-

123 1249 202 1288 stes
217 1248 512 1288 consummari
527 1249 707 1288 tandem
723 1250 847 1297 posse‚
868 1248 965 1287 haec
983 1249 1073 1296 ipsa
1089 1251 1315 1293 recentior,
1338 1250 1390 1287 de
1407 1261 1495 1297 qua
1512 1250 1655 1288 Verba
1675 1249 1775 1288 faci-

123 1314 236 1348 muS‚
252 1308 513 1351 argumento
528 1302 621 1347 fuit,
639 1314 740 1351 quae
754 1303 809 1341 ab
821 1304 946 1340 initio
958 1302 1069 1340 nulli
1081 1303 1280 1340 Luminis
1293 1309 1422 1350 atque
1435 1303 1631 1351 Fulgoris
1643 1306 1775 1341 maie-

54 1369 89 1396 20
124 1356 225 1396 state
239 1358 587 1405 compagineque
601 1356 751 1395 illustri
763 1356 883 1401 cessit,
896 1362 939 1394 vt
950 1357 1109 1394 diceret
1119 1358 1228 1404 quis,
1246 1357 1437 1404 reliquas
1447 1357 1479 1394 F
1481 1359 1576 1395 ixas
1587 1356 1776 1394 multum

124 1409 397 1455 antecellere,
414 1415 609 1449 attamen
625 1410 762 1449 altero
779 1411 915 1448 Anno
932 1410 1009 1448 esse
1026 1409 1160 1458 desijt;
1179 1409 1246 1448 Sic
1264 1410 1301 1448 &
1318 1410 1500 1457 reliquae
1517 1422 1671 1448 omnes
1687 1417 1776 1448 vtvt

124 1465 151 1502 a
166 1463 329 1503 Mundi
348 1464 612 1512 primordijs,
634 1464 745 1502 nulli
765 1465 999 1502 mutationi
1018 1464 1236 1507 obnox1ae,
1259 1475 1359 1502 cum
1377 1463 1536 1511 Opifici
1553 1463 1775 1511 placuerit,

123 1516 314 1556 facilime
330 1517 621 1556 dissoluentur.
1798 1560 1802 1563 ,

177 1571 291 1610 Haec
301 1576 534 1620 propterea
545 1571 706 1616 addidi,
719 1583 774 1609 ne
787 1573 884 1619 quis
895 1571 949 1609 ob
961 1571 1242 1618 quorundam
1253 1577 1426 1619 argutas
1437 1573 1776 1619 excogitationes

53 1637 87 1663 25
124 1624 333 1663 existimet
349 1624 529 1664 Stellam
547 1625 663 1664 hanc
679 1625 875 1669 Nouam,
896 1624 1039 1663 nostro
1056 1624 1174 1663 AEuo
1196 1623 1480 1672 conspectam,
1503 1624 1689 1662 eandem
1705 1625 1775 1662 vel

123 1677 307 1717 similem
328 1678 457 1724 fuisse‚
481 1690 584 1717 cum
606 1690 671 1723 ea,
695 1690 796 1727 quae
820 1678 966 1726 Magis
990 1678 1288 1717 Orientalibus
1312 1680 1530 1726 apparuit;
1555 1677 1775 1725 Quodque

123 1731 235 1771 nihil
250 1734 354 1771 certi
370 1732 422 1771 de
435 1732 598 1771 Rerum
609 1732 856 1771 Vniuersali
872 1734 1049 1770 interitu
1066 1732 1168 1770 hinc
1185 1732 1448 1770 diuinationi
1464 1737 1625 1779 pateat:
1644 1731 1775 1778 Quae-

124 1797 210 1834 que
226 1785 337 1825 alias
353 1786 406 1825 de
423 1786 733 1825 Luminarium
745 1785 783 1824 8(
795 1785 1030 1824 Stellarum
1047 1784 1215 1824 defectu
1231 1787 1276 1823 in
1293 1785 1435 1824 Sacris
1452 1785 1604 1823 Literis
1621 1785 1775 1832 praedi·

124 1845 294 1885 cuntur,
310 1842 460 1878 minus
475 1839 667 1888 apposite
684 1842 978 1878 communiter
995 1839 1214 1887 explicari.
1233 1836 1247 1889 ΙΙ

35 1899 100 1932 330
176 1894 235 1932 At
256 1892 287 1931 fi
309 1893 470 1942 aliquis
493 1894 546 1932 de
570 1893 655 1932 hac
678 1893 812 1932 Stella
835 1893 971 1931 Noua
993 1892 1046 1930 fic
1070 1892 1262 1931 inferret:
1290 1892 1680 1939 Quemadmodum
1701 1892 1775 1929 illa

123 1945 375 1995 Magorum,
396 1947 715 1995 particulariter
735 1949 888 1995 paucis
904 1946 1176 1984 Hominibus
1195 1948 1371 1984 vnicam
1388 1945 1599 1987 Domum,
1622 1948 1667 1983 in
1689 1957 1775 1993 qua

124 1999 411 2040 CHRISTVS
433 2003 576 2049 primo
597 2001 810 2039 Aduentu
833 2000 1100 2043 nascebatur,
1124 1999 1269 2038 Terris
1293 2002 1338 2037 in
1361 2001 1611 2047 propinquo
1634 2000 1774 2036 immi-

124 2065 246 2099 nens,
267 2053 549 2099 monstrabat;
572 2054 640 2093 Sic
656 2053 772 2093 hanc
788 2056 834 2092 in
851 2054 1046 2092 altissimo
1063 2053 1243 2091 AEthere
1261 2053 1454 2101 positam,
1477 2052 1775 2090 Vniuersaliter

124 2108 330 2147 omnibus
338 2114 430 2146 toto
441 2108 616 2146 Mundo
626 2108 893 2156 degentibus,
904 2107 1139 2145 secundam
1150 2109 1244 2145 eius
1254 2109 1298 2144 in
1309 2106 1535 2144 Maiestate
1546 2105 1774 2153 praesenta-

54 2173 88 2199 3⁵
123 2162 290 2200 tionem
305 2162 577 2206 antecedere,
594 2161 875 2210 plausibiliter
891 2161 988 2199 satis
1005 2161 1087 2199 hac
1100 2161 1152 2198 de
1165 2172 1209 2198 re
1223 2172 1325 2198 eum
1337 2159 1581 2201 conieetari,
1600 2171 1690 2197 non
1703 2171 1774 2197 ne-

123 2215 278 2263 gatim;
295 2216 369 2254 An
385 2221 534 2254 autem
545 2227 660 2259 vere,
677 2215 754 2253 soli
771 2214 894 2254 DEO
912 2214 1084 2257 constat,
1102 2217 1147 2252 in
1164 2216 1288 2252 cuius
1300 2225 1437 2252 manu
1449 2213 1544 2251 sunt
1556 2213 1775 2260 Tempora

125 2267 375 2317 Mundique
394 2275 513 2314 aetas,
534 2281 561 2308 a
582 2269 725 2308 nostra
741 2271 988 2317 cognitione
1006 2270 1190 2306 omnino
1207 2267 1377 2306 seclusa.
1401 2267 1484 2306 Sed
1505 2278 1593 2314 quo
1615 2269 1773 2313 rapior.

124 2321 219 2361 Nec
235 2324 354 2361 enim
370 2329 462 2362 erat
477 2323 653 2361 instituti
670 2322 799 2361 nostri
815 2322 1079 2370 Tbeologice
1097 2322 1192 2360 haec
1209 2321 1456 2369 disquirere.
1479 2320 1556 2358 Ista
1577 2322 1704 2368 igitur
1723 2320 1774 2357 de

124 2374 258 2414 Stella
273 2376 434 2425 Magos
448 2377 736 2425 praecedente,
754 2376 872 2424 quod
889 2375 975 2413 huc
992 2387 1082 2413 non
1099 2377 1356 2423 pertineant,
1374 2374 1419 2412 fit
1436 2374 1577 2412 dixisse
1594 2373 1703 2411 satis.

54 2439 88 2466 4ο
177 2428 246 2468 Sic
262 2441 440 2478 quoque
457 2430 616 2469 Facem
632 2430 754 2469 illam
771 2429 900 2468 instar
917 2429 1080 2477 Gladij.
1103 2440 1203 2477 quae
1226 2428 1444 2466 excidium
1462 2427 1773 2474 Hierosolymi-

67 2489 88 2521 †
123 2487 279 2521 tanum
299 2486 628 2531 praenuntiauit‚
650 2490 782 2531 atque
802 2495 880 2531 per
901 2485 1117 2531 integrum
1139 2484 1322 2520 Annum
1344 2481 1471 2529 supra
1492 2481 1652 2518 Vrbem
1674 2491 1772 2517 con-

124 2534 232 2582 stitit,
256 2536 490 2576 Cometam
513 2549 604 2576 non
628 2537 743 2575 fuisse
768 2537 992 2585 (quamuis
1015 2536 1067 2574 sic
1089 2536 1276 2584 appellet
1299 2535 1522 2583 Iosephus)
1547 2534 1773 2624 nedtgrtnfft

1691 2597 1711 2623 e
1748 2598 1771 2622 a
