2326 3277
477 254 528 292 32
851 246 1304 286 ASTRONOMIAE
1326 243 1748 284 INSTAURATAE

478 358 644 396 diosum
668 357 784 393 dono
808 353 915 392 mifit
939 353 1111 390 Nobilis
1133 352 1170 389 &
1192 351 1396 389 Eruditus
1412 351 1489 388 Vir
1512 350 1566 388 D.
1584 349 1852 388 IOANNES
1875 349 2120 388 HANNO·

478 410 605 448 VIVS
623 408 812 446 eiusdem
828 407 911 444 loci
929 405 1195 444 Canonicus.
1218 405 1329 442 Illud
1346 406 1520 448 etenim,
1541 403 1613 441 etsi
1628 403 1930 451 magnitudine
1947 403 2120 450 quadri-

477 462 651 500 cubitali
668 461 764 498 satis
781 459 978 507 amplum
994 458 1051 502 fit,
1072 464 1221 496 tamen
1237 457 1410 505 prorsus
1426 457 1621 505 ligneum
1638 456 1704 500 est,
1723 456 1760 494 8(
1777 467 1830 494 ex
1846 457 1986 495 abiete
2005 467 2120 494 com-

477 515 671 563 positum,
695 513 808 551 vnde
832 512 869 550 &
893 511 1208 550 mutationibus
1232 511 1487 554 obnoxium,
1513 521 1563 548 ac
1586 509 1821 548 diuifiones
1844 510 2008 547 obtinet
2030 520 2122 547 non

477 568 716 606 admodum
738 565 911 604 subtiles
934 571 1178 603 atramento
1201 565 1446 607 denotatas;
1469 563 1690 601 foramina
1711 565 1843 601 etiam
1863 562 1994 601 habet
2014 562 2121 600 iusto

477 621 703 668 ampliora,
728 620 885 666 quibus
906 619 1027 666 Radij
1051 617 1163 656 Solis
1187 617 1225 655 &
1248 617 1482 656 Stellarum
1504 628 1597 654 non
1618 616 1716 654 satis
1738 622 1831 654 tuto
1852 616 1890 654 8(
1911 621 2028 654 certo
2048 615 2121 654 ad-

476 676 716 717 mittuntur,
733 679 775 710 vt
792 672 847 710 ob
863 672 918 715 id,
936 671 965 709 fi
981 683 1072 709 non
1084 671 1180 719 alijs
1193 670 1488 708 Instrumentis
1500 669 1597 708 vsus
1609 669 1655 707 fit
1667 669 1941 717 Copernicus
1952 671 1999 707 in
2009 668 2123 707 Solis

477 727 514 765 &
531 727 764 765 Stellarum
779 725 1095 763 Altitudinibus
1116 724 1282 762 caelitus
1302 723 1568 767 deriuandis,
1589 725 1753 760 mirum
1768 722 1906 761 videri
1925 722 2043 770 possit
2061 724 2122 770 ip-

477 780 569 818 sum
590 791 681 817 non
702 778 845 817 adhuc
865 780 1023 816 maiori
1041 777 1275 816 interuallo
1292 789 1318 815 a
1333 782 1450 815 meta
1465 776 1683 824 proposita
1699 776 1896 814 deuiasse.
1918 775 2123 814 Existimo

477 840 625 871 tamen
645 844 747 870 eum
767 832 963 879 pluribus
981 831 1276 869 Instrumentis
1297 830 1392 868 haec
1411 831 1566 868 eadem
1583 829 1855 874 examinasse,
1877 828 1916 867 8(
1935 828 2004 867 his
2023 828 2123 867 solis

478 886 650 934 Regulis
667 886 993 932 indagationem
1009 890 1098 922 tam
1116 884 1314 922 subtilem
1334 895 1426 921 non
1446 883 1764 926 concredidisse;
1785 882 2003 921 summam
2017 893 2123 920 vero

478 939 515 977 8(
532 938 779 986 requifitam
794 940 840 975 in
851 937 919 975 his
931 937 1229 984 praecifionem
1241 949 1332 975 non
1344 936 1554 980 adhibuit,
1572 936 1690 983 quod
1701 936 1840 974 multa
1851 936 1962 974 alias
1971 935 2122 974 testan-

477 999 557 1030 tur.
579 992 691 1030 Haec
708 992 759 1029 de
778 991 1014 1029 Occasione
1035 990 1178 1038 lapsus
1195 990 1430 1037 Copernici
1448 992 1494 1027 in
1511 989 1623 1028 Solis
1639 990 1838 1037 Apogaeo
1855 989 1894 1028 &
1909 989 2123 1027 Eccentri-

477 1048 614 1089 citate,
636 1050 846 1091 motuque
868 1046 961 1082 eius
983 1043 1264 1091 disponendo,
1286 1043 1331 1081 fit
1351 1043 1493 1081 dixisse
1514 1042 1628 1081 satis:
1650 1054 1751 1090 quae
1769 1043 2005 1081 indicanda
2023 1042 2122 1080 ideo

477 1099 593 1141 duxi,
610 1104 653 1135 vt
670 1097 878 1136 constaret
895 1099 970 1144 qui
986 1096 1148 1135 facium
1163 1096 1303 1141 fuerit,
1325 1097 1443 1144 quod
1459 1102 1605 1134 tantus
1620 1096 1730 1134 alias
1746 1095 2048 1140 Astronomus,
2069 1106 2123 1134 ex

476 1151 580 1190 falso
592 1152 791 1199 Apogaeo
803 1150 840 1188 &
854 1151 1177 1188 Eccentricitate
1190 1156 1360 1187 motum
1372 1149 1496 1194 Solis,
1513 1155 1604 1188 tam
1615 1149 1811 1188 medium
1822 1161 1958 1197 quam
1967 1160 2124 1188 verum

477 1205 587 1243 adeo
600 1215 835 1242 erroneum
847 1203 1120 1247 constituerit,
1137 1203 1251 1241 vnde
1264 1205 1396 1241 etiam
1408 1214 1472 1247 ea,
1490 1214 1590 1250 quae
1603 1205 1715 1241 circa
1727 1205 1835 1241 anni
1846 1214 1947 1241 cum
1959 1202 2124 1241 Siderei

476 1264 569 1295 tum
590 1257 776 1304 Tropici,
799 1256 836 1294 &
856 1255 1241 1304 AEquinoc‘tiorum
1261 1257 1608 1304 progressionem‚
1632 1257 1686 1294 ab
1710 1255 1800 1304 ipso
1822 1256 1993 1304 prodita
2015 1255 2123 1300 sunt,

476 1313 622 1348 minus
643 1308 755 1348 recte
775 1309 816 1348 se
836 1309 1039 1348 habeant.
1063 1309 1183 1356 Quin
1204 1309 1241 1348 8(
1262 1312 1308 1348 in
1329 1309 1601 1357 reliquorum
1617 1309 1899 1348 Planetarum
1919 1309 2123 1354 curfibus,

477 1370 693 1411 quatenus
709 1363 946 1410 simplicem
962 1363 1074 1401 Solis
1090 1369 1261 1401 motum
1276 1364 1509 1401 necessario
1525 1363 1768 1411 respiciunt,
1790 1374 1882 1402 non
1902 1363 2013 1401 leuis
2030 1362 2123 1401 hal-

476 1417 684 1455 lucinatio
696 1417 797 1454 inde
809 1416 983 1464 irrepfit.
997 1417 1115 1454 Hinc
1127 1423 1256 1464 patet.
1269 1428 1369 1464 quae
1380 1416 1417 1454 &
1428 1423 1594 1464 quanta
1604 1417 1660 1455 ad
1672 1428 1765 1455 rem
1775 1416 2125 1455 Astronomicam

476 1470 650 1518 praecise
667 1470 966 1508 stabiliendam
982 1469 1176 1514 subfidia‚
1197 1470 1361 1508 Solaris
1381 1472 1565 1508 tramitis
1582 1469 1792 1509 dimensio
1809 1469 1847 1508 &
1862 1471 2124 1513 numeratio,

477 1535 568 1562 non
584 1524 639 1562 ad
656 1524 851 1562 amussim
868 1523 1105 1571 explorata,
1123 1524 1249 1562 nobis
1266 1523 1504 1571 praecludit.

585 1629 714 1668 UNC
731 1630 786 1668 ad
802 1629 1038 1678 simplicem
1054 1630 1166 1669 Solis
1182 1636 1353 1668 motum
1369 1632 1614 1669 accuratius
1630 1630 1668 1668 8(
1685 1629 1880 1668 subtilius
1896 1641 2032 1678 quam
2049 1641 2125 1668 an·

597 1690 667 1721 tea
687 1683 967 1721 limitandum
987 1684 1328 1732 progrediemur,
1353 1686 1388 1722 is
1409 1683 1619 1731 fiquidem
1640 1695 1773 1731 quem
1793 1683 2060 1722 assumfimus
2078 1685 2126 1721 in

476 1738 675 1785 Apogaeo
692 1737 729 1774 8(
747 1737 1071 1775 Eccentricitate
1092 1737 1376 1784 inquirendis,
1398 1749 1477 1785 pro
1498 1739 1649 1785 paucis
1668 1736 1819 1775 saltem
1839 1737 2125 1775 reuolutioni·

477 1791 558 1828 bus
574 1792 734 1828 annuis
751 1789 966 1828 sufficiens
983 1790 1050 1828 est.
1068 1787 1082 1840 ΙΙ

531 1843 619 1881 Hic
640 1845 758 1881 enim
778 1855 855 1891 per
874 1846 956 1882 tria
976 1844 1045 1882 vel
1066 1850 1255 1891 quatuor
1272 1844 1540 1882 Centenaria
1561 1855 1795 1888 annorum.
1816 1844 1872 1882 ad
1893 1843 1989 1882 haec
2009 1843 2126 1882 vide·

477 1897 573 1934 licet
590 1899 791 1944 proxima
806 1897 961 1941 secula,
982 1903 1153 1935 motum
1170 1897 1282 1936 Solis
1298 1904 1584 1945 apparentem
1600 1897 1845 1945 patefacere
1861 1899 2039 1936 animus
2054 1896 2126 1941 en;

478 1962 582 1988 narn
598 1961 698 1997 quae
715 1952 882 1988 interea
898 1950 943 1988 fit
961 1950 1298 1989 Eccentricitatis
1314 1953 1499 1989 variatio
1515 1953 1753 1999 perexigua
1769 1951 1846 1989 esse
1862 1952 2030 1998 poterit,
2046 1961 2126 1989 nec

477 2003 723 2041 sensibiliter
740 2004 980 2042 admodum
993 2004 1105 2042 Solis
1121 2011 1291 2042 motum
1308 2004 1527 2042 diuersum
1542 2004 1597 2042 ab
1609 2015 1662 2042 eo
1675 2016 1807 2052 quem
1819 2004 2128 2042 constituemus

478 2056 644 2094 efficiet.
662 2057 716 2094 Vt
728 2068 832 2094 vero
844 2057 1068 2095 limitatior
1080 2060 1191 2096 ratio
1203 2060 1248 2095 in
1260 2058 1406 2096 medio
1418 2064 1541 2096 motu
1554 2057 1667 2096 Solis
1679 2060 1944 2101 inueniatur.
1962 2068 2127 2106 operae-

478 2112 672 2157 precium
689 2112 766 2148 erit
783 2122 981 2149 annuam
998 2113 1286 2158 quantitatem
1302 2110 1495 2150 exadlius
1511 2123 1646 2159 quam
1662 2113 1794 2159 prius.
1816 2113 2036 2160 cognitam
2051 2110 2127 2150 ha·

477 2163 590 2205 bere.
613 2175 712 2210 quae
730 2164 928 2202 videlicet
946 2164 1013 2201 his
1030 2164 1195 2202 Seculis
1212 2165 1267 2203 ad
1284 2167 1532 2206 minimum.
1553 2164 1728 2212 praecise
1745 2176 1940 2213 congrua
1960 2164 2018 2208 fit,
2039 2175 2128 2212 qua

478 2216 578 2253 sane
596 2219 640 2254 in
658 2228 702 2254 re
719 2229 809 2254 non
826 2229 965 2264 parua
982 2217 1083 2255 latet
1101 2217 1349 2260 difficultas:
1371 2218 1582 2265 siquidem
1603 2230 1747 2256 annus
1767 2220 1960 2266 tropicus
1980 2220 2055 2266 qui
2071 2217 2127 2256 ab

479 2268 769 2317 AEquinod'tijs
793 2271 861 2308 vel
885 2270 1078 2318 Solstitijs
1102 2272 1337 2314 deriuatur.
1362 2272 1708 2319 inaequalitatem
1729 2272 1955 2319 quandam
1975 2283 2067 2319 prae
2086 2270 2128 2309 se

479 2322 569 2365 fert,
592 2329 633 2360 vt
655 2322 886 2361 Artificum
907 2324 1038 2371 longo
1060 2327 1267 2371 temporis
1291 2325 1525 2363 interuallo
1547 2325 1795 2363 distantium
1815 2324 2021 2363 testantur
2041 2324 2128 2364 Ob-

478 2375 756 2413 seruationes.
775 2376 842 2414 Sic
859 2378 913 2414 ab
932 2377 1191 2424 Hipparcho
1206 2378 1260 2415 ad
1276 2377 1575 2420 Ptolemaeum.
1593 2378 1680 2416 alia
1698 2378 1830 2416 huius
1846 2380 1953 2417 anni
1969 2379 2127 2426 reperi-

478 2436 546 2466 tur
568 2430 835 2476 magnitudo.
858 2442 992 2477 quam
1011 2443 1035 2468 a
1056 2431 1294 2468 Ptolemaeo
1315 2432 1370 2469 ad
1387 2432 1712 2479 Albategnium‚
1734 2431 1771 2469 8(
1792 2431 1937 2470 adhuc
1957 2431 2128 2470 diuersa

478 2482 533 2520 ab
550 2489 732 2529 vtroque
750 2483 910 2520 horum
927 2484 981 2521 ad
999 2495 1091 2525 nos,
1110 2484 1226 2521 velut
1244 2496 1360 2522 nunc
1378 2484 1622 2532 conspectui
1638 2485 1926 2533 subijciemus.

1973 2591 2126 2630 ANNI

2159 573 2175 598 5

2164 839 2195 865 10

2163 1106 2194 1132 15

2162 1425 2182 1457 ‚1-

2159 1851 2201 1884 37

2165 2493 2200 2519 40
