2164 3246
400 204 1061 246 PROGYMNASMATUM
1083 208 1285 247 PRIMA
1307 210 1456 249 PARS
1687 214 1754 252 155

56 324 78 356 -t-
111 315 272 353 Aerem
291 318 394 350 tunc
415 310 751 356 defaecatiorem,
772 312 1003 360 minusque
1018 316 1255 362 vaporibus
1273 319 1604 364 coinquinatum
1621 319 1754 357 existi-

111 368 248 407 marit.
271 365 551 413 Quapropter
572 376 625 403 ea
645 376 746 412 quae
767 365 1030 405 Ptolemaeus
1052 368 1112 414 (vt
1129 369 1180 406 de
1197 369 1294 417 alijs
1310 382 1401 407 non
1420 371 1596 417 addam)
1619 374 1662 409 in
1684 373 1753 410 de-

110 418 387 460 terminando
399 418 558 457 Cordis
570 418 730 456 Leonis
746 419 844 457 loco
860 420 1094 467 proposuit,
1111 423 1292 460 indubia
1307 424 1381 460 esse
1398 431 1636 471 nequeunt:
1655 437 1754 463 cum

111 474 205 513 haec
220 474 372 511 omnia
382 470 601 510 antedicta
611 472 938 519 impedimenta,
955 477 1174 522 praecipue
1187 488 1291 514 vero
1305 476 1585 515 Refraetionis
1598 481 1641 515 in
1655 478 1753 516 Sole

60 542 77 569 s
110 526 464 575 implicationem,
474 536 567 563 non
575 525 840 572 praeuiderit,
850 527 989 565 multo
998 530 1145 566 minus
1155 535 1197 566 vt
1207 529 1268 566 illi
1279 530 1476 567 obuiarit.
1488 531 1611 568 Vnde
1623 534 1753 570 etiam

110 581 248 629 Spicae
256 579 446 627 Virginis
457 578 593 622 locus,
605 590 682 626 per
692 578 1060 623 Declinationem,
1074 593 1207 628 quam
1220 583 1282 619 illi
1294 583 1466 630 assignat
1476 587 1752 630 proueniens,

110 645 209 674 cum
219 634 464 671 remotione
476 643 577 679 quae
589 631 645 670 est
656 634 767 670 inter
778 632 894 671 hanc
907 633 944 671 &
956 634 1217 679 Bafiliscum,
1230 647 1320 673 non
1333 636 1550 674 consentit.
1564 637 1646 675 Sed
1659 638 1753 675 haec

110 687 232 727 aliter
246 685 487 730 limitanda,
505 685 870 733 conciliandaque
887 689 1081 731 veniunt,
1099 695 1142 725 vt
1158 688 1233 726 suo
1250 689 1346 726 loco
1364 691 1638 727 tentabimus.

160 739 264 779 Alia
277 738 423 778 adhuc
438 741 563 783 ratio,
580 750 670 786 qua
685 741 938 787 antiquitus
956 740 1189 779 Stellarum
1206 742 1303 780 loca
1319 754 1394 789 per
1409 743 1559 785 Lunae,
1577 745 1753 790 quando

47 807 78 835 ιο
111 805 211 833 cum
228 792 313 831 illis
333 792 692 840 coniungebatur‚
715 792 876 837 locum,
898 800 973 831 aut
993 794 1193 832 transitus
1213 802 1389 833 mutuos
1411 807 1485 843 per
1508 796 1666 834 Merid:
1692 800 1753 834 in-

111 846 351 896 quirebant,
376 845 497 884 haud
519 848 694 891 minori,
719 847 854 885 modo
877 858 970 885 non
991 848 1179 895 grossiori
1203 849 1443 886 deuiationi
1466 849 1663 887 subiacet.
1692 850 1753 888 Ex

111 912 198 949 quo
213 901 332 939 enim
347 899 470 937 locus
486 899 626 937 Lunae
642 911 720 947 per
735 903 1091 939 numerationem
1107 909 1320 949 acceptus,
1343 914 1433 940 non
1449 903 1560 940 adeo
1577 903 1753 941 indubie

110 955 169 993 vti
178 953 424 1003 putabatur,
441 952 664 997 constaret,
680 965 757 1001 per
769 953 812 991 id
824 954 943 1001 quod
955 956 1169 992 incertum
1181 962 1283 997 erat,
1302 956 1601 993 certitudinem
1614 963 1752 994 ratam

111 1009 279 1056 exequi,
298 1008 374 1045 vix
392 1006 595 1050 dabatur:
619 1006 839 1045 Parallaxi
860 1010 992 1046 etiam
1017 1008 1168 1051 Lunae,
1192 1008 1263 1046 hic
1286 1020 1377 1046 non
1397 1021 1554 1056 parum
1574 1010 1752 1056 impedi·

47 1073 77 1101 ts
110 1062 244 1100 menti
257 1059 520 1108 suggerente.
542 1059 664 1098 Idem
680 1060 732 1098 de
750 1061 1138 1100 culminationibus
1155 1062 1293 1100 Lunae
1311 1062 1348 1100 8(
1365 1062 1607 1104 Stellarum.
1629 1062 1752 1100 fimul

110 1124 434 1162 nonnunquam
458 1114 823 1162 contingentibus,
852 1115 1011 1162 quibus
1036 1115 1323 1163 Albategnius
1348 1116 1632 1163 vtplurimum
1656 1116 1752 1153 vsus

111 1167 177 1213 est,
192 1166 457 1207 censendum
471 1169 603 1205 venit.

161 1221 241 1260 Per
259 1220 447 1269 Eclipses
466 1220 666 1259 Lunares
686 1220 783 1259 haec
804 1227 1028 1265 attentare,
1051 1222 1168 1269 quod
1190 1233 1247 1260 an
1266 1229 1431 1260 veteres
1452 1221 1640 1264 fecerim,
1662 1234 1752 1260 non

31 1281 90 1315 146
110 1274 206 1314 satis
219 1274 368 1322 liquet,
385 1273 458 1313 etfi
468 1274 651 1313 Veritati
664 1277 846 1322 propius
858 1276 1047 1319 accedat,
1061 1272 1074 1325 ΙΙ
1087 1287 1139 1313 eo
1152 1276 1270 1322 quod
1282 1276 1419 1313 Lunae
1432 1276 1564 1317 locus,
1578 1287 1600 1313 e
1613 1275 1752 1313 Solari

43 1339 78 1367 ω
110 1330 222 1368 circa
231 1327 477 1376 oppofitum
487 1327 697 1372 versante,
713 1330 848 1366 tutius
860 1341 995 1376 quam
1008 1341 1030 1367 e
1042 1329 1221 1367 Tabulis
1234 1329 1428 1377 cognosci
1444 1336 1588 1376 queat:
1606 1336 1753 1366 tamen

111 1383 203 1421 eius
217 1381 274 1421 ad
286 1381 442 1421 Stellas
452 1383 620 1420 vicinas
636 1381 861 1426 habitudo,
879 1394 971 1420 non
986 1382 1083 1421 satis
1099 1382 1273 1430 praecise
1291 1382 1345 1420 est
1361 1382 1659 1430 perceptibilis,
1677 1382 1752 1420 Pa-

110 1434 265 1474 rallaxi
279 1437 413 1474 etiam
427 1435 700 1483 palationem
716 1435 914 1483 aliquam
932 1436 969 1474 &
985 1436 1057 1474 hic
1073 1436 1296 1474 inserente.

161 1488 280 1528 Patet
293 1490 442 1537 itaque
457 1500 511 1527 ex
526 1488 595 1527 his
607 1490 826 1534 omnibus,
844 1489 882 1527 8(
898 1489 1196 1533 Instrumenta,
1215 1489 1252 1527 &
1269 1489 1443 1530 Modos.
1461 1488 1618 1536 quibus
1630 1489 1667 1524 V
1671 1496 1753 1526 ete-

110 1553 177 1582 res
186 1541 436 1581 Astronomi
447 1541 700 1581 Affixarum
711 1543 947 1582 Stellarum
958 1543 1314 1581 Verificationem
1326 1543 1494 1590 aggressi
1509 1542 1614 1585 sunt.
1633 1544 1753 1579 omni

44 1607 77 1634 2⁵
111 1607 164 1635 ex
177 1601 298 1644 parte
314 1595 508 1635 absolute
524 1608 617 1635 non
633 1596 865 1635 constitisse.

162 1649 367 1688 Meminit
377 1649 511 1688 huius
522 1650 662 1688 vltimi
672 1650 806 1694 modi,
819 1662 896 1698 per
907 1650 1093 1698 Eclipses
1105 1650 1301 1688 Lunares
1314 1649 1466 1688 Stellas
1479 1647 1752 1691 rectificandi,

111 1702 487 1743 HIERONIMVS
504 1703 845 1748 CARDANVS‚
865 1704 1044 1742 celebris
1061 1704 1170 1742 alias
1187 1703 1395 1741 Italorum
1412 1702 1619 1749 superiori
1636 1701 1752 1739 AEuo

110 1755 409 1805 Philosophus,
421 1759 468 1795 in
476 1757 620 1803 Libro,
631 1769 764 1805 quem
773 1757 1137 1805 Supplementum
1147 1755 1408 1798 Almanach,
1421 1755 1507 1793 siue
1518 1755 1569 1792 de
1580 1754 1752 1792 Restitu-

110 1811 227 1849 tione
245 1809 518 1859 Temporum
543 1811 581 1849 8(
606 1816 811 1849 motuum
836 1811 1102 1853 Coelestium,
1126 1810 1312 1858 specioso
1333 1809 1478 1847 Titulo
1502 1808 1752 1855 appellauit,

44 1873 78 1901 3ο
111 1863 406 1912 existimatque
426 1863 543 1903 hanc
564 1865 662 1913 alijs
681 1865 913 1903 meliorem
933 1865 1009 1903 esse
1030 1866 1258 1906 rationem,
1281 1863 1397 1910 quod
1415 1862 1541 1899 Luna
1559 1869 1753 1908 tempore

110 1916 284 1966 Eclipfis
291 1917 470 1963 Totalis,
482 1920 690 1957 minimas
701 1918 894 1966 quasque
905 1918 1059 1957 Stellas
1071 1920 1116 1955 in
1128 1915 1328 1955 contactu
1337 1916 1405 1953 vel
1415 1927 1561 1963 prope,
1575 1914 1754 1952 discerni

111 1970 329 2016 concedat,
349 1970 420 2010 sed
441 1978 658 2020 quantum
676 1971 780 2010 huic
795 1971 1022 2010 fidendum
1039 1971 1096 2015 fit,
1119 1983 1171 2009 ex
1188 1973 1276 2008 iam
1293 1968 1413 2007 dictis
1429 1975 1556 2016 patet,
1579 1967 1753 2015 ipsaque

110 2023 281 2072 plenius
301 2024 453 2064 edocet
472 2025 766 2074 Experientia.
789 2025 922 2072 Quod
943 2032 1091 2064 autem
1112 2025 1228 2062 idem
1249 2026 1294 2061 in
1315 2023 1469 2061 eodem
1490 2022 1598 2061 loco.
1621 2022 1754 2058 Anno

110 2077 204 2117 1537
212 2078 457 2126 penultima
467 2079 554 2118 Die
567 2079 837 2118 Nouembris
850 2079 890 2117 se
903 2078 1313 2117 Meridionaliorem
1326 2076 1363 2113 8(
1375 2076 1630 2113 lucidiorem
1644 2074 1753 2111 Lan-

44 2140 78 2168 ³⁵
111 2131 226 2170 cium
239 2131 394 2177 Librae,
410 2144 488 2181 per
501 2133 686 2171 Veneris
702 2132 883 2172 Stellam
899 2135 977 2170 rite
995 2132 1218 2173 restituisse,
1236 2136 1449 2171 autumat:
1467 2129 1577 2166 adeo
1595 2135 1636 2165 vt
1653 2127 1753 2164 hinc

110 2183 297 2224 aliarum
312 2188 515 2224 omnium
530 2186 847 2235 Longitudines
864 2186 1064 2224 deriuare
1082 2197 1173 2223 non
1189 2184 1404 2225 dubitarit,
1427 2181 1659 2220 ridiculum
1680 2192 1752 2227 po-

109 2238 194 2277 tius
208 2238 275 2284 en,
292 2251 428 2288 quam
443 2240 562 2288 quod
578 2239 712 2278 fidem
728 2240 926 2287 aliquam
942 2245 1173 2277 mereatur.
1195 2238 1273 2275 Per
1289 2237 1472 2274 Veneris
1489 2237 1606 2272 enim
1623 2234 1754 2271 nullis

110 2294 303 2331 numeris
316 2298 420 2332 tunc
436 2300 711 2342 compertum
726 2293 864 2338 situm,
882 2293 1027 2332 Stellae
1041 2292 1226 2330 alicuius
1239 2291 1356 2328 Fixae
1370 2288 1704 2336 Longitudinem
1717 2286 1753 2324 8(

110 2343 403 2385 Latitudinem
414 2347 719 2391 determinare,
733 2347 788 2385 est
800 2347 930 2389 idem,
943 2358 992 2385 ac
1005 2346 1034 2384 fi
1046 2348 1142 2394 quis
1155 2345 1209 2383 ab
1219 2347 1445 2392 ignorante
1457 2342 1493 2379 8(
1504 2348 1625 2379 muto
1635 2340 1754 2377 Veri-

45 2406 79 2434 «)
111 2402 243 2438 tatem
257 2399 465 2448 expiscari
480 2400 596 2445 velit,
614 2400 652 2439 8(
669 2412 722 2439 ex
739 2400 873 2439 dubio
890 2407 1057 2438 certum
1073 2398 1299 2437 ratificare.
1322 2397 1426 2434 Non
1448 2397 1573 2443 igitur
1595 2396 1753 2431 mirum

111 2451 187 2491 esse
200 2452 338 2498 debet,
355 2455 474 2502 quod
490 2454 638 2493 locum
654 2454 771 2492 illius
783 2454 928 2493 Stellae
945 2460 1048 2491 tunc
1064 2464 1152 2490 vno
1169 2452 1305 2500 gradu
1322 2461 1420 2488 cum
1438 2449 1606 2487 duabus
1623 2448 1753 2492 tertijs

111 2508 374 2546 anteriorem
392 2507 632 2547 secundum
649 2508 988 2556 Longitudinem
1009 2506 1253 2547 reddiderit,
1275 2515 1409 2552 quam
1431 2513 1584 2540 reuera
1603 2503 1660 2590 ir(13
1666 2499 1753 2588 iplso

214 2567 266 2594 κο·
1665 2564 1706 2589 oe
1727 2564 1752 2588 o
