2243 3225
385 204 461 242 248
758 196 1213 237 ASTRONOMIAE
1234 193 1656 233 INSTAURATAE

385 307 604 355 quendam
621 305 722 342 huic
738 306 800 341 rei
816 305 1028 350 promtius
1041 301 1079 339 8(
1091 304 1247 339 certius
1258 301 1470 338 idoneum
1481 300 1706 343 adinueni,
1721 299 2028 347 fabrefierique

385 362 548 403 curaui,
566 360 640 405 qui
656 360 701 395 in
716 356 804 394 fine
822 356 938 394 Libri
953 355 1170 402 sequentis
1186 354 1430 392 delineatur
1445 358 1576 400 atque
1593 355 1837 400 exponitur.
1854 353 1913 391 At
1929 364 2030 391 cum

384 416 431 457 is,
457 424 532 459 per
554 411 692 448 multa
715 408 916 456 requisita
937 406 1162 446 tractando
1186 406 1392 444 inhabilis
1416 411 1547 453 atque
1570 405 1788 444 difficilior
1811 406 1917 450 esset,
1940 411 2031 444 vtvt

384 468 561 503 vnicum
570 464 718 502 saltem
728 461 1064 500 Obseruatorem
1075 462 1274 507 exigeret,
1287 459 1397 497 alios
1407 461 1453 496 in
1463 459 1654 496 eundem
1662 458 1786 497 vsum
1797 459 2030 498 meditatus

384 518 488 561 sum,
512 517 549 555 8(
569 518 710 564 primo
730 514 1005 557 bifurcatum,
1025 514 1153 551 binos
1170 512 1484 551 Obseruatores
1500 514 1807 559 requirentem,
1825 511 1863 550 8(
1879 511 2029 551 Stella·
2067 525 2083 551 5

384 582 482 608 rum
503 569 720 607 distantias
741 570 846 606 citra
866 578 998 604 omne
1019 566 1202 604 dubium
1220 565 1463 603 admodum
1483 564 1728 612 scrupulose
1748 565 2030 613 praebentem,

384 624 453 661 sed
470 622 602 670 paulo
618 623 775 659 maiori
791 620 997 663 molestia,
1014 624 1145 666 atque
1161 618 1391 665 Temporis
1408 617 1626 656 nonnullo
1643 617 1879 665 dispendio.

437 675 636 714 Tandem
652 685 756 712 vero
773 673 883 711 alios
900 683 1076 720 quoque
1094 671 1333 715 Sextantes,
1355 682 1466 718 quos
1482 671 1738 719 Trigonicos
1759 671 1946 719 appello,
1967 673 2031 709 in-

385 731 501 772 ueni,
523 730 597 775 qui
618 733 732 765 certo
753 726 1060 772 subtiliterque,
1084 726 1270 762 minimo
1292 726 1424 762 etiam
1445 724 1615 763 Labore
1636 723 1871 762 Stellarum
1890 735 2031 763 remo-

385 784 525 820 tiones
540 781 652 819 binis
669 779 872 818 adhibitis
884 778 1227 816 collimatoribus
1239 777 1525 825 suppeditant,
1543 789 1734 825 quorum
1747 783 1895 816 ternos
1906 777 2031 815 fimili
2072 790 2102 816 ιο

384 835 472 872 fere
490 832 813 872 constructionis
829 832 992 870 fabrica
1009 830 1279 878 compofitos,
1297 833 1387 868 iam
1399 832 1444 868 in
1455 836 1632 878 promtu
1648 830 1805 875 habeo,
1822 842 1958 878 quam
1972 830 2031 869 se-

387 899 525 935 quens
542 887 699 934 Figura
715 885 960 923 aemulatur.
979 881 993 934 ΙΙ

386 974 738 1013 EXPLICATIO
769 971 1235 1011 DELINEATIONIS
1263 971 1676 1011 INSTRUMENTI
1706 971 2034 1011 SEXTANTIS
2057 979 2120 1011 249

1046 1033 1371 1073 TRIGONICI.

484 1097 769 1136 OMPAGES
789 1097 918 1135 ABC
938 1102 1028 1135 tota
1048 1099 1162 1134 intra
1177 1096 1317 1144 ipsum
1333 1095 1587 1134 Sextantem
1603 1108 1704 1134 cum
1719 1096 1796 1135 sua
1812 1098 2033 1145 contigua·
2075 1109 2104 1135 ιε

502 1154 620 1189 tione
636 1150 896 1188 intermedia
912 1149 1206 1197 repraesentat;
1224 1151 1350 1187 cuius
1367 1149 1582 1188 Centrum
1598 1149 1653 1187 ad
1669 1150 1723 1193 Α,
1740 1149 1871 1188 habet
1888 1149 2036 1198 Cylin-

386 1206 514 1243 drum
532 1204 771 1242 rotundum
787 1203 860 1241 fibi
877 1203 1081 1247 infixum;
1104 1202 1454 1241 circumferentia
1469 1214 1574 1241 vero
1592 1203 1671 1241 CB
1687 1208 1821 1241 tantae
1838 1203 1893 1241 est
1909 1214 2036 1251 capa-

387 1260 537 1301 citatis,
558 1263 601 1295 vt
622 1257 784 1295 sextam
801 1256 965 1294 Circuli
984 1262 1152 1304 partem
1169 1255 1541 1303 compraehendat,
1563 1256 1792 1294 Lateribus
1807 1256 1890 1295 AC
1905 1262 2036 1304 atque

387 1311 468 1348 AB
486 1316 674 1358 quatuor
691 1310 858 1348 cubitos
874 1310 1165 1357 aequantibus.
1184 1309 1349 1357 Regula
1364 1309 1538 1357 insuper
1553 1309 1645 1347 AD
1661 1309 1764 1347 huic
1780 1309 2036 1357 applicatur,

387 1363 554 1402 habens
577 1363 882 1401 Pinnacidium
905 1365 1027 1401 iuxta
1050 1363 1105 1405 D,
1131 1362 1234 1400 hinc
1257 1363 1358 1400 inde
1381 1365 1428 1400 in
1450 1362 1802 1401 circumferentia
1824 1362 2036 1401 conuolu-
2074 1374 2108 1400 20

386 1417 483 1461 bile,
506 1416 717 1465 Cylindro
738 1416 793 1454 ad
809 1417 850 1453 A
867 1415 1101 1463 quiescenti
1121 1427 1198 1463 per
1218 1416 1401 1454 rimulas
1422 1416 1660 1454 Parallelas
1681 1415 2036 1464 correspondens.

388 1470 508 1517 Quin
525 1469 563 1507 8(
579 1470 699 1508 aliud
714 1470 1022 1507 Pinnacidium
1034 1469 1191 1507 Fixum
1207 1475 1356 1507 manet
1373 1469 1490 1517 apud
1504 1469 1554 1513 C,
1571 1471 1704 1507 etiam
1720 1469 1890 1507 rimulis
1905 1471 2037 1507 vtrin-

388 1535 472 1570 que
490 1523 700 1571 Cylindro
721 1523 776 1561 ad
798 1522 1012 1561 Centrum
1032 1522 1168 1569 pofito
1184 1522 1451 1570 Analogum.
1474 1522 1540 1560 Est
1561 1534 1738 1570 quoque
1759 1523 1868 1561 alter
1888 1522 2037 1571 Cylin-

388 1577 491 1614 drus
513 1578 635 1614 iuxta
658 1576 690 1613 F
710 1575 946 1623 quiescens,
970 1578 1039 1614 cui
1063 1575 1297 1614 destinatur
1318 1576 1626 1614 Pinnacidium
1648 1576 1704 1614 ad
1726 1575 1782 1620 G,
1805 1575 1835 1614 fi
1857 1576 2038 1624 quando

387 1629 484 1667 vsus
500 1629 692 1676 postulet,
710 1629 1034 1676 applicandum,
1051 1629 1182 1676 idque
1199 1641 1278 1676 pro
1293 1629 1528 1667 Stellarum
1543 1627 1802 1667 arctioribus
1817 1629 2036 1677 distantijs,
2075 1641 2108 1666 25

388 1694 443 1720 ne
461 1682 772 1720 Obseruatores
789 1682 862 1720 fibi
879 1684 1071 1720 inuicem
1087 1682 1402 1730 impedimento
1419 1682 1508 1720 fint.

442 1735 655 1773 Incumbit
673 1747 777 1773 vero
794 1735 978 1774 Sextans
999 1735 1070 1773 hic
1090 1735 1228 1774 fulcro
1251 1736 1438 1778 cuidam.
1460 1735 1579 1774 velut
1599 1738 1645 1773 in
1666 1735 1824 1784 Figura
1844 1741 2038 1783 apparet.

389 1788 583 1836 superius
609 1788 806 1827 Globum
831 1791 876 1826 in
902 1801 1081 1827 omnem
1108 1789 1223 1827 Coeli
1253 1789 1428 1837 plagam
1459 1789 1789 1827 conuolubilem
1813 1789 2038 1833 obtinenti,

390 1844 513 1879 cuius
535 1841 749 1880 beneficio
772 1842 1109 1880 Instrumentum
1133 1843 1187 1881 ab
1211 1843 1349 1881 altera
1371 1848 1493 1890 parte
1516 1842 1630 1881 infra
1654 1842 1687 1880 E
1711 1841 1968 1890 appofitum,
1993 1844 2039 1880 in

390 1895 684 1942 quodcunque
709 1896 914 1933 binarum
940 1895 1173 1934 Stellarum
1203 1896 1387 1943 planum
1413 1896 1644 1934 commode
1669 1895 1878 1944 dirigitur,
1908 1902 2039 1943 atque
2076 1907 2110 1933 ³0

389 1947 555 1986 bacillis
579 1948 668 1986 ΝΟ
694 1948 731 1986 8(
754 1949 845 1986 LM
869 1948 1055 1992 stabiliri,
1080 1949 1219 1987 donec
1244 1949 1588 1988 Obseruatorum
1611 1949 1736 1987 Vnus
1758 1960 1835 1997 per
1857 1948 2040 1987 rimulas

391 2001 628 2048 Pinnacidij
649 2001 685 2039 C
702 2001 970 2048 quiescentis,
993 2002 1205 2050 Cylindro
1227 2003 1282 2040 ad
1299 2003 1351 2046 A.
1374 2002 1492 2050 quod
1509 2003 1564 2041 ad
1582 2004 1676 2040 eius
1692 2002 2040 2050 magnitudinem

392 2054 638 2097 Parallelas,
656 2054 834 2092 Stellam
851 2055 1048 2102 aliquam
1062 2058 1264 2103 vtrinque
1281 2055 1530 2099 collimant:
1547 2055 1670 2094 Alter
1682 2057 1799 2099 vero,
1817 2067 1871 2094 ex
1883 2055 2040 2094 Pinna-

392 2107 503 2144 cidio
533 2107 684 2145 mobili
714 2108 768 2146 ad
800 2108 854 2150 D,
885 2108 1019 2146 aliam
1050 2111 1255 2156 quamuis
1285 2111 1407 2147 iuxta
1437 2110 1628 2147 eundem
1655 2109 1917 2157 cylindrum
1946 2110 2041 2156 pari

393 2162 558 2197 ratione
583 2163 782 2207 vtrinque
807 2163 987 2199 intuitus
1011 2162 1150 2204 fuerit,
1177 2163 1315 2200 donec
1342 2162 1635 2200 consentiente
1660 2161 1785 2200 fimul
1807 2162 2041 2200 amborum
2079 2173 2111 2199 ³⁵

392 2213 770 2251 animaduersione
792 2215 933 2252 Arcus
955 2215 1040 2252 CD
1064 2218 1233 2262 vtrique
1258 2215 1515 2254 Pinnacidio
1539 2213 1787 2254 interiectus
1807 2214 2042 2254 Stellarum

394 2265 708 2312 propositarum
730 2267 953 2314 praecisam
974 2268 1232 2310 distantiam.
1254 2268 1506 2311 manifestet,
1530 2269 1661 2316 idque
1683 2269 1830 2316 quoad
1851 2269 2042 2307 maiores

394 2320 749 2366 intercapedines.
767 2321 814 2357 In
828 2321 1070 2358 minoribus
1083 2333 1194 2369 pene
1207 2321 1354 2360 similis
1367 2322 1421 2360 est
1434 2321 1647 2364 ratio,nis1
1660 2322 1778 2369 quod
1790 2328 1893 2360 tunc
1904 2332 2042 2360 vnum

394 2371 730 2409 Obseruatorem
748 2385 769 2410 e
787 2373 1042 2412 Pinnacidio
1060 2377 1180 2412 iuxta
1198 2375 1238 2413 G
1257 2375 1477 2423 adaptato.
1495 2375 1758 2423 Cylindrum
1772 2375 1827 2414 ad
1839 2375 2042 2413 Fintueri

393 2424 553 2467 deceat,
571 2425 707 2462 altero
720 2433 761 2463 vt
779 2429 898 2472 prius
915 2430 1027 2464 circa
1040 2428 1345 2466 Pinnacidium
1361 2429 1522 2466 mobile
1537 2429 1590 2471 D,
1607 2428 1643 2466 8(
1659 2428 1922 2476 Cylindrum
1933 2428 1990 2466 ad
2001 2428 2042 2466 A
2080 2439 2113 2465 ⁴0

394 2479 437 2514 in
462 2477 624 2515 Centro
652 2478 871 2516 firmatum
899 2492 989 2517 rem
1016 2488 1188 2527 agente:
1216 2481 1440 2519 Distantiae
1467 2484 1598 2520 etiam
1625 2484 1670 2519 in
1693 2481 2043 2519 circumferentia

1769 2534 2042 2573 Instrumenti
