2243 3225
385 216 461 253 222
760 210 1214 250 ASTRONOMIAE
1235 208 1657 247 INSTAURATAE

437 321 487 358 Et
507 331 582 366 per
598 318 796 356 transitus
813 317 1046 355 Stellarum
1063 316 1349 359 Meridianos,
1371 320 1523 352 notato
1539 314 1769 361 Temporis
1789 321 2028 358 momento,

384 373 665 419 adhibitoque
691 370 802 409 Solis
827 370 924 407 loco
950 369 1261 411 emendatiore,
1287 368 1473 415 idipsum
1497 367 1800 414 saepenumero
1826 374 2030 415 expertus

383 426 487 469 sum,
508 424 666 471 vbique
683 435 787 461 vero
804 425 954 460 omnia
973 422 1058 459 huc
1075 423 1411 469 quamproxime
1429 422 1681 468 congruere,
1702 432 1790 458 vno
1806 421 1877 458 vel
1891 421 2029 459 altero

382 479 530 516 saltem
550 489 667 514 nunc
688 478 734 514 in
755 476 881 519 hanc,
904 487 1021 513 nunc
1042 477 1087 512 in
1108 475 1230 512 illam
1251 480 1421 521 partem
1437 474 1703 521 digrediente
1719 476 1890 512 minuto
1907 474 2029 512 adin-

383 533 497 575 ueni,
519 530 649 577 idque
667 529 721 567 ob
737 529 925 567 lubricas
941 528 1038 566 illas
1054 527 1284 575 minusque
1301 532 1429 571 ratas,
1451 527 1586 565 veluti
1604 526 1800 574 superius
1817 526 2030 565 ostensum

383 584 448 627 est,
471 585 701 631 negocium
721 582 804 620 hoc
825 581 908 619 istis
929 582 1168 628 ratiocinijs
1188 578 1401 618 tractandi
1417 582 1523 618 vias.
1546 579 1785 626 Quomodo
1806 586 1955 618 autem
1977 591 2030 618 ex

382 637 449 675 his
466 637 562 684 alijs
578 635 833 683 processibus
855 635 924 681 (de
941 633 1099 681 quibus
1116 636 1205 671 iam
1222 633 1328 679 dixi)
1349 633 1447 671 loca
1463 632 1698 671 Stellarum
1717 633 1940 672 multoties
1959 645 2030 672 ex-

382 691 627 732 aminarim,
649 689 687 726 8(
708 700 808 735 quae
829 699 934 725 nam
955 689 1000 724 in
1021 687 1089 724 his
1110 686 1502 734 depraehenderim‚
1525 698 1617 724 non
1633 686 1751 724 lubet
1767 686 1839 724 hic
1854 686 2030 725 taediose

382 742 613 785 recensere,
637 747 711 779 aut
734 741 960 788 quidpiam
984 751 1138 778 eorum
1162 739 1425 787 confignare,
1450 751 1505 777 ne
1528 741 1660 777 nimis
1683 739 1855 787 prolixa
1877 739 1961 778 hoc
1984 742 2030 778 in

381 796 490 839 loco,
512 795 564 833 de
586 795 653 832 his
675 795 833 832 euadat
850 795 1224 836 commemoratio,
1243 795 1410 840 integro
1427 792 1720 831 Astronomiae
1736 792 2029 831 instaurandae

382 849 528 896 Operi,
550 848 725 886 fauente
745 847 912 885 Diuina
931 847 1173 890 clementia,
1193 846 1468 884 reseruanda.
1489 845 1614 884 Tunc
1633 848 1752 884 enim
1769 846 1865 884 haec
1884 848 2029 894 copio-

381 902 464 939 sius
481 901 518 939 &
534 901 728 948 plenarie
745 899 1005 948 pertractare
1022 902 1159 947 magis
1178 899 1463 937 commodum
1484 901 1573 937 erit.
1596 899 1775 937 Interim
1795 911 1887 938 non
1907 899 2028 938 dubi-

381 961 520 993 tantes
536 954 786 992 Affixarum
807 954 903 991 loca
924 955 1013 991 iam
1035 952 1234 1000 expositis
1255 953 1498 991 rationibus
1519 955 1597 990 rite
1617 952 1654 990 8(
1672 952 1932 991 sufficienter
1953 953 2029 991 esse

383 1007 611 1055 designata,
633 1013 676 1044 vt
696 1007 845 1044 nullus
865 1009 910 1044 in
931 1006 999 1044 his
1019 1006 1162 1051 lateat,
1187 1007 1263 1053 qui
1283 1005 1471 1044 senfibus
1491 1006 1650 1044 obuius
1670 1005 1716 1044 fit
1736 1006 2030 1054 ambiguitatis

380 1061 472 1099 seru
505 1060 616 1098 ulus.

432 1072 686 1161 Agtequam
701 1124 806 1151 vero
822 1113 1000 1151 vlterius
1017 1112 1361 1161 progrediamur,
1378 1112 1496 1151 lubet
1509 1112 1766 1160 Copernici
1757 1124 1803 1150 in
1815 1112 1944 1160 Spica
1955 1118 2004 1161 m)
2014 1108 2030 1163 ΙΙ

380 1167 417 1205 8(
428 1167 644 1211 Werneri,
662 1167 809 1214 quoad
826 1167 1025 1210 eandem,
1043 1166 1081 1204 8(
1096 1166 1223 1204 binas
1239 1166 1361 1210 alias,
1380 1166 1732 1210 obseruationes,
1749 1171 1880 1213 atque
1895 1177 1948 1204 ex
1959 1165 2028 1205 his

380 1219 563 1258 deducta
582 1220 679 1258 loca
700 1219 946 1267 disquirere,
967 1225 1011 1258 vt
1032 1225 1250 1267 quatenus
1271 1219 1463 1257 constare
1485 1220 1646 1267 possint‚
1671 1219 1741 1257 vel
1761 1230 1865 1263 non,
1888 1221 2028 1258 mani·

378 1273 559 1312 festetur.

432 1326 800 1365 COPERNICVS
826 1326 1172 1364 Reuolutionum
1196 1326 1450 1365 Coelestium
1474 1326 1564 1364 Lib.
1586 1326 1622 1364 3.
1647 1325 1755 1373 Cap.
1777 1325 1813 1364 2.
1839 1325 1967 1364 refert
1988 1325 2029 1364 se

378 1381 512 1418 Anno
529 1380 622 1418 1525
640 1379 779 1427 Spicae
796 1380 986 1427 Virginis
1007 1379 1364 1417 Declinationem
1384 1385 1491 1427 part.
1509 1379 1545 1418 8.
1564 1378 1589 1427 l.
1607 1379 1659 1417 40
1678 1378 2029 1427 depraehendisse.

379 1433 585 1480 Hincque
598 1434 775 1471 assumta
785 1435 878 1471 eius
888 1433 1137 1471 Latitudine
1147 1433 1171 1470 2
1180 1439 1287 1480 part.
1297 1433 1485 1480 praecise,
1498 1433 1836 1471 iuxtaVeterum
1845 1438 2030 1471 annota-

378 1489 554 1529 tionem,
572 1487 660 1524 alia
676 1486 869 1534 quadam
886 1486 1281 1525 Demonstrationis
1297 1488 1381 1530 via,
1398 1498 1475 1533 per
1489 1484 1641 1524 ReOEtas
1653 1486 1882 1524 Circulum
1897 1485 2029 1524 trans-

379 1546 542 1584 euntes,
564 1551 686 1577 more
707 1539 927 1578 Arabibus
947 1540 1235 1587 vtplurimum
1255 1539 1418 1583 vfitato,
1440 1541 1571 1577 nimis
1592 1545 1742 1578 tamen
1761 1539 1970 1587 perplexo
1992 1539 2030 1577 8(

378 1593 604 1637 laborioso,
618 1605 718 1631 eum
729 1605 806 1640 per
817 1595 996 1631 vnicum
1007 1593 1298 1641 Triangulum
1311 1593 1463 1639 (veluti
1475 1599 1606 1631 antea
1617 1592 1899 1639 ostendimus)
1912 1593 2029 1631 idem

379 1646 490 1684 effici
507 1653 650 1693 queat,
668 1646 1007 1694 Longitudinem
1024 1646 1164 1693 Spicae
1181 1646 1433 1694 composuit,
1451 1648 1496 1684 in
1513 1652 1620 1694 part.
1633 1647 1687 1684 17.
1706 1644 1731 1693 l.
1744 1646 1785 1684 21
1807 1649 1865 1689 g.
1882 1647 2029 1693 Atque

378 1700 478 1737 inde
490 1699 874 1747 AEquinod’tiorum
885 1700 1207 1747 praecessionem
1221 1706 1448 1738 mutuatus
1464 1700 1531 1743 est,
1548 1699 1893 1747 praesupponens
1909 1698 2029 1738 diffe-

378 1755 563 1791 rentiam
581 1753 896 1801 Longitudinis‚
914 1765 1014 1800 quae
1032 1753 1087 1791 est
1103 1765 1129 1792 a
1145 1755 1288 1800 prima
1307 1759 1367 1795 V,
1385 1764 1521 1801 quam
1537 1753 1609 1791 ille
1625 1764 1705 1800 pro
1722 1752 2030 1791 Fundamento

378 1806 570 1850 assumfit,
584 1806 714 1853 vsque
727 1807 782 1845 ad
792 1806 966 1853 Spicam
978 1813 1025 1855 m)
1038 1809 1083 1844 in
1096 1807 1248 1845 Abaco
1258 1807 1543 1848 Ptolemaico;
1556 1808 1763 1854 quamuis
1774 1806 1870 1844 haec
1882 1808 2030 1844 minus

379 1858 489 1898 recte
506 1859 580 1906 ipsi
598 1860 726 1898 Coelo
744 1866 972 1907 competat.

432 1912 546 1950 Dicit
569 1925 745 1960 quoque
768 1913 1138 1952 COPERNICVS
1160 1913 1199 1951 se
1221 1914 1436 1951 decennio
1457 1919 1588 1952 antea
1610 1912 1802 1951 eiusdem
1823 1912 1963 1960 Spicae
1981 1918 2029 1961 m)

379 1966 733 2004 Declinationem
754 1967 960 2004 inuenisse
982 1973 1088 2014 part.
1107 1967 1142 2005 8.
1162 1965 1187 2015 l.
1205 1967 1268 2010 36,
1291 1967 1547 2014 Locumque
1569 1969 1663 2004 eius
1683 1972 1777 2004 tum
1798 1967 1969 2014 reponit
1985 1968 2030 2004 in

379 2019 420 2056 P.
438 2019 490 2056 17.
510 2018 535 2066 l.
554 2020 593 2057 14
615 2023 673 2062 —-⁶-.
691 2020 857 2063 eadem,
875 2026 917 2058 vt
934 2023 1066 2067 prius,
1084 2020 1181 2058 vsus
1198 2021 1606 2068 Argumentationis
1622 2019 1844 2058 methodo.

432 2072 596 2110 Verum
609 2084 709 2110 cum
722 2075 834 2111 circa
846 2073 938 2110 Poli
951 2073 1012 2111 sui
1025 2073 1108 2111 loci
1120 2074 1423 2115 Altitudinem,
1435 2073 1636 2121 pauculis
1648 2072 1908 2121 quibusdam
1919 2072 2029 2110 scru-

378 2125 491 2171 pulis
509 2126 568 2171 (vt
585 2128 717 2173 priori
731 2126 886 2173 Capite
903 2126 979 2164 suo
996 2127 1093 2165 loco
1110 2128 1351 2165 indicatum
1369 2127 1440 2173 est)
1458 2127 1681 2168 aberrarit,
1699 2126 2030 2164 Declinationes

379 2178 510 2216 huius
523 2179 667 2216 Stellae
682 2180 816 2226 paulo
833 2180 957 2217 aliter
974 2180 1012 2218 se
1030 2180 1292 2222 habuerunt.
1310 2192 1445 2228 quam
1458 2180 1532 2227 ipfi
1545 2192 1567 2218 e
1580 2181 1767 2228 proprijs
1779 2179 2030 2218 Altitudini-

378 2231 458 2268 bus
481 2232 607 2278 (quas
629 2233 783 2270 demus
805 2232 977 2271 exactas
999 2233 1130 2279 suisse)
1154 2234 1355 2281 colligere
1378 2234 1509 2272 licuit.
1533 2233 1621 2271 Illis
1643 2235 1771 2281 igitur
1787 2233 1935 2271 denuo
1955 2232 2030 2271 sub

380 2283 827 2334 incudemjreuocatis,
850 2286 887 2323 8(
909 2286 1148 2324 secundum
1171 2287 1362 2325 nostrum
1380 2287 1775 2325 Demonstrationis
1793 2286 2031 2334 processum

379 2340 651 2379 examinatis.
666 2339 1032 2385 depraehendetur
1044 2341 1221 2378 assumta
1234 2343 1367 2387 priori
1381 2341 1660 2388 Figuratione
1673 2341 1824 2378 omnia
1836 2339 2030 2387 sequenti

379 2391 512 2428 modo
529 2394 776 2437 prouenire.

433 2444 480 2481 In
504 2444 831 2487 obseruatione.
854 2457 988 2492 quarn
1011 2446 1162 2484 habuit
1180 2448 1314 2484 Anno
1337 2448 1421 2485 1515
1443 2447 1661 2494 applicata
1682 2448 1852 2484 veriore
1874 2445 2030 2484 Eleua-

378 2499 495 2534 tione
509 2498 599 2534 Poli
615 2498 882 2546 Fruenburgi
897 2499 1077 2541 Prussiae.
1096 2503 1204 2537 meis
1219 2500 1514 2538 Instrumentis
1527 2500 1786 2538 iamdudum
1803 2499 2030 2546 explorata

1841 2559 1948 2600 part.
1964 2553 2028 2591 54.

2070 805 2100 831 10

2070 1071 2101 1097 15

2068 2404 2103 2429 ⁴0
