2243 3225
435 219 500 257 184
808 215 1262 254 ASTRONOMIAE
1283 213 1705 253 INSTAURATAE

434 324 622 361 eundem
638 323 794 360 Polum
811 321 1152 359 Meridionalem
1169 321 1211 358 Ρ.
1228 321 1290 358 66.
1309 319 1335 368 l.
1351 321 1437 359 353.
1459 320 1592 358 Latus
1609 319 1688 358 BC
1705 319 1760 357 est
1775 319 1865 367 ipsa
1880 320 2077 359 distantia

432 380 542 414 inter
558 376 705 414 Solem
722 375 759 412 8(
775 375 993 412 Venerem
1010 374 1238 412 obseruata
1254 374 1297 411 P.
1313 374 1376 411 46.
1396 372 1421 421 Ι.
1438 374 1523 412 57³2.
1545 373 1657 420 Ergo
1678 372 1746 410 his
1764 372 1900 410 tribus
1916 373 2075 412 Lateri-

432 431 511 467 bus
532 430 711 476 cognitis
731 430 938 465 inuentus
959 427 1014 465 est
1034 439 1110 474 per
1131 428 1434 474 operationem
1453 428 1575 464 iuxta
1590 425 1932 473 Triangulorum
1949 426 2075 474 leges,

431 482 632 529 Angulus
648 481 775 519 BAC
792 486 898 528 part.
915 481 978 518 47.
997 479 1022 527 l.
1039 480 1102 518 48.
1121 478 1164 527 ll.
1181 480 1244 523 20,
1264 482 1339 527 qui
1354 479 1575 517 mensurat
1590 480 1758 517 Arcum
1773 481 1820 517 in
1834 478 2076 527 AEquatore

430 538 540 572 inter
552 534 698 572 Solem
711 534 748 571 8(
760 534 978 571 Venerem
990 533 1253 570 conclusum.
1271 533 1311 570 Is
1322 532 1351 570 si
1362 531 1599 571 subtractus
1611 531 1739 570 fuerit
1751 533 1805 570 ab
1816 531 2076 572 Ascenfione
2112 547 2128 572 5

432 586 559 625 Recta
571 587 683 625 Solis
694 587 910 634 reliquam
922 586 1021 624 facit
1031 585 1340 623 Ascenfionem
1351 584 1463 624 Redi.
1475 585 1659 623 Veneris
1670 585 1713 623 P.
1726 585 1805 624 216.
1819 584 1845 633 l.
1857 585 1920 624 28.
1935 584 1978 634 ΙΙ.
1990 582 2076 637 40.ΙΙ

431 641 633 687 Cumque
651 641 806 678 eodem
823 639 906 677 Die
923 641 976 676 A.
990 639 1053 677 M.
1071 639 1181 677 Hor.
1194 640 1230 677 7.
1244 639 1307 676 M.
1319 639 1371 677 28
1388 638 1703 683 obseruaretur‚
1723 642 1750 682 Q
1769 650 1796 676 a
1812 638 2000 687 Spicam?
2012 651 2075 678 re·
2102 647 2160 680 180

430 696 612 737 moueri,
636 694 678 731 P.
696 693 758 731 20.
782 691 807 741 l.
825 693 899 735 171⁷,
925 695 971 730 in
993 692 1236 730 Altitudine
1260 696 1287 735 Q
1310 692 1353 730 P.
1374 692 1460 736 2025,
1486 692 1666 739 quando
1689 694 1822 730 etiam
1845 691 1926 730 fuit
1947 692 2076 740 ipfius

430 747 677 784 Declinatio
699 747 740 784 P.
763 746 804 783 ll.
828 744 853 793 Ι.
874 746 915 784 18
936 745 1093 783 Merid.
1116 745 1366 783 Declinatio
1387 751 1537 784 autem
1557 745 1696 793 Spicae
1718 751 1767 793 m)
1789 756 1843 783 ex
1863 744 2074 784 Obserua—

428 801 619 837 tionibus
636 801 816 837 minime
832 798 1061 837 fallacibus
1077 799 1233 837 eodem
1244 799 1379 836 Anno
1391 798 1611 836 constabat
1623 804 1731 846 part.
1743 798 1780 837 8.
1794 796 1820 846 l.
1833 798 2074 838 571Merid.
2114 813 2144 838 ιο

430 853 647 900 Quocirca
658 853 726 890 his
735 853 857 896 datis,
866 852 1182 890 Ascenfionalis
1193 851 1439 890 differentia
1447 854 1559 890 inter
1565 851 1785 890 Venerem
1794 851 1833 889 8(
1842 851 2017 899 Spicam
2026 858 2074 901 m>

428 906 553 944 facile
570 906 742 953 patebit.

481 959 530 996 In
546 959 628 997 hac
644 959 922 1006 Figuratione
939 958 1261 1006 repraesentabit
1272 959 1313 996 A
1326 958 1482 996 Polum
1495 958 1754 1001 Australem,
1771 958 1806 996 B
1822 957 1996 1006 Spicam
2012 963 2073 1007 m).

429 1012 465 1050 C
485 1016 525 1056 Q.
548 1012 774 1058 Quoniam
795 1014 923 1060 igitur
938 1012 1204 1060 Triangulus
1221 1012 1349 1051 BAC
1365 1018 1471 1050 nota
1491 1012 1622 1050 habet
1642 1013 1794 1050 omm'a
1813 1011 1890 1050 sua
1906 1011 2073 1057 Latera,

773 1066 851 1103 ΒΑ
858 1065 1026 1112 part.8l.
1036 1064 1061 1113 l.
1070 1065 1128 1109 23⁷,
1140 1065 1529 1113 Complementum
1537 1065 1857 1103 Declinationis
1864 1064 2072 1113 Spicaem).
2112 1079 2141 1105 ιε

427 1099 482 1144 D
679 1099 732 1151 E
773 1119 854 1157 CA
864 1124 970 1166 part.
981 1119 1043 1157 78.
1056 1117 1068 1166 l
1075 1149 1082 1156 .
1092 1119 1156 1163 42,
1167 1118 1557 1166 Complementum
1566 1118 1782 1156 Declinat.
1790 1118 1986 1156 Veneris.
1999 1118 2073 1157 BC

771 1178 878 1219 part.
891 1172 953 1210 20.
968 1170 993 1219 l.
1006 1172 1046 1210 17
1054 1174 1081 1215 ὲ,
1098 1183 1175 1219 per
1190 1171 1328 1220 ipsam
1344 1172 1590 1210 distantiam
1601 1172 1785 1210 Veneris
1801 1171 1840 1210 8(
1855 1171 1996 1219 Spicae
2011 1177 2071 1220 11]).

430 1231 476 1284 C
683 1243 728 1292 Β
772 1226 904 1273 Igitur
913 1225 1115 1273 Angulus
1125 1225 1244 1264 ΒΑΕ
1257 1225 1515 1263 differentiae
1524 1225 1798 1263 Ascenfionis
1810 1223 1952 1263 Rectae
1962 1226 2073 1263 inter

772 1278 947 1326 Spicam
968 1278 1006 1316 8(
1022 1279 1242 1317 Venerem
1261 1284 1369 1327 part.
1391 1279 1454 1317 20.
1475 1281 1581 1316 min.
1602 1278 1665 1317 28.
1689 1276 1732 1326 ll.
1753 1278 1805 1316 30
1825 1278 1959 1316 latere
1982 1289 2072 1316 non

771 1334 922 1379 potuit.
941 1332 1230 1370 Interuallum
1245 1338 1394 1370 autem
1406 1332 1636 1380 Temporis
1652 1331 1754 1370 huic
1767 1331 2071 1370 Obseruationi
2107 1344 2139 1370 zo

771 1385 967 1429 Veneris,
996 1385 1034 1423 8(
1061 1386 1185 1423 alteri
1211 1385 1266 1423 ad
1292 1385 1440 1424 Solem
1464 1385 1639 1429 habitae,
1669 1384 1965 1432 interlapsum,
1994 1384 2072 1423 fuit

771 1439 882 1476 Hor.
895 1439 931 1476 3.
945 1439 1008 1476 M.
1020 1439 1056 1476 2.
1070 1439 1223 1477 Motus
1234 1439 1420 1477 diurnus
1429 1439 1613 1477 Veneris
1625 1439 1773 1486 quoad
1784 1438 2071 1486 AEquatorem

770 1498 878 1539 part.
895 1493 980 1535 5921.
1005 1492 1057 1530 de
1081 1504 1170 1540 quo
1193 1492 1578 1540 proportionaliter
1601 1491 1939 1540 correspondent
1960 1489 2071 1530 dieto

770 1545 999 1593 Temporis
1009 1545 1230 1584 interstitio
1238 1544 1250 1593 l
1256 1576 1263 1583 .
1272 1547 1308 1584 7.
1318 1544 1330 1594 l
1336 1544 1348 1594 l
1354 1577 1361 1584 .
1369 1546 1432 1590 30,
1441 1557 1541 1593 quae
1551 1545 1580 1583 fi
1589 1546 1644 1584 ab
1651 1545 1912 1584 Ascenfione
1920 1543 2030 1584 Rea.
2039 1547 2066 1588 Q

770 1598 966 1646 superius
974 1599 1107 1637 aSole
1117 1599 1371 1647 inuestigata
1380 1599 1687 1643 subducantur,
1698 1598 2069 1637 remanebitTem·
2105 1610 2136 1637 25

770 1655 900 1699 poris,
927 1664 1016 1700 quo
1034 1652 1185 1690 Venus
1208 1664 1235 1690 a
1257 1652 1386 1700 Spica
1409 1659 1458 1701 m)
1484 1652 1809 1697 obseruabatur,
1829 1651 1924 1690 Asc.
1943 1650 2071 1690 Recta

770 1705 812 1743 P.
825 1706 904 1744 216.
919 1704 944 1753 l.
957 1706 1010 1743 21.
1025 1704 1068 1753 ll.
1081 1706 1133 1750 10,
1152 1717 1204 1744 ex
1221 1706 1303 1744 hac
1321 1705 1466 1744 rursus
1477 1706 1645 1744 sublata
1656 1705 1903 1744 differentia
1913 1704 2069 1744 Ascen-

770 1758 922 1797 fionali
949 1763 975 1802 Q
1002 1759 1039 1796 8(
1063 1759 1216 1807 Spicae.
1242 1759 1412 1798 refidua
1435 1759 1490 1797 est
1513 1758 1682 1798 Ascens.
1706 1757 1836 1798 Recta
1858 1758 1998 1807 Spicae
2021 1763 2068 1807 m?

475 1864 701 1911 Quoniam
717 1877 835 1909 vero,
856 1872 899 1903 vt
920 1868 965 1904 in
986 1866 1343 1904 antecedentibus
1364 1865 1605 1905 factitatum
1622 1865 1689 1909 en,
1712 1865 1808 1904 haec
1824 1865 1918 1904 Asc.
1936 1865 1995 1910 R„
2015 1864 2069 1904 ad
2103 1876 2135 1903 ω

422 1918 633 1956 Lucidam
646 1925 690 1958 V
703 1919 960 1957 deducenda
969 1922 1098 1963 venit,
1109 1919 1387 1958 subtrahatur
1396 1918 1922 1958 differentiaAscenfionis
1931 1918 2069 1966 Spica:

422 1971 459 2008 &
477 1971 653 2010 Lucidae
674 1978 718 2011 V
737 1974 1048 2015 interueniens‚
1071 1984 1124 2010 ex
1146 1973 1602 2011 animaduerfionibus
1618 1975 1744 2011 certis
1760 1972 1939 2011 aliunde
1955 1983 2069 2010 com·

422 2024 684 2125 probata.lP.
711 2026 789 2064 169.
818 2025 842 2073 Ι.
867 2026 919 2064 51.
947 2025 990 2074 ll.
1015 2026 1078 2069 25,
1104 2029 1397 2074 prouenitque
1423 2026 1625 2065 Ascenfio
1651 2025 1781 2065 Recta
1806 2026 1983 2064 Lucidae
2010 2030 2068 2067 V.

422 2084 527 2124 part.
546 2078 608 2116 26.
646 2079 695 2116 .l.
715 2078 758 2126 ll.
776 2079 827 2117 15.

475 2131 688 2169 Praeterea
703 2144 802 2170 cum
817 2132 932 2170 hanc
947 2134 1001 2171 ad
1014 2134 1199 2171 Annum
1211 2133 1304 2171 1585
1317 2134 1584 2181 completum
1597 2133 1933 2172 accommodare
1945 2143 2067 2180 opor·
2101 2141 2133 2169 ³3

421 2190 518 2226 teat.
536 2196 614 2231 pro
631 2186 867 2223 Annorum
884 2186 919 2228 2.
938 2186 1076 2224 Mens.
1094 2187 1123 2224 ll
1140 2187 1296 2233 spacio.
1318 2187 1575 2225 auferantur
1593 2186 1617 2234 l.
1635 2187 1670 2224 2.
1690 2186 1733 2234 ll.
1751 2187 1814 2231 26,
1831 2185 1869 2224 &
1885 2185 2067 2234 prodibit

421 2236 532 2274 dicto
545 2238 679 2275 Anno
697 2239 913 2286 completo
926 2239 1128 2277 Ascenfio
1146 2239 1274 2278 Redla
1292 2240 1468 2278 Lucidae
1486 2241 1603 2278 illius
1619 2240 1765 2279 Stellae
1782 2239 1910 2287 supra
1926 2239 2066 2287 Caput

424 2296 467 2328 V
488 2291 528 2327 P.
543 2291 604 2328 25.
620 2290 644 2338 l.
659 2291 720 2329 58.
736 2291 778 2338 ll.
792 2293 854 2330 49.
873 2293 929 2330 At
947 2305 1047 2330 cum
1065 2293 1191 2340 supra
1209 2295 1343 2331 Anno
1360 2294 1452 2332 1587
1471 2305 1523 2331 ex
1541 2294 1625 2331 Die
1642 2294 1666 2332 9
1683 2294 1874 2342 Ianuarij
1893 2293 1948 2331 ad
1964 2302 2066 2330 eun·

420 2343 518 2380 dem
533 2345 714 2381 Annum
728 2345 819 2383 1585
837 2346 1103 2392 completum
1116 2347 1345 2393 applicata.
1363 2348 1518 2385 eadem
1531 2353 1701 2394 reperta
1712 2346 1758 2385 fit
1770 2347 1812 2384 P.
1825 2346 1887 2384 26.
1902 2344 1927 2393 l.
1939 2345 1975 2384 2.
1989 2343 2018 2393 ll
2029 2345 2064 2387 5.

421 2396 625 2434 differens
644 2399 698 2435 ab
718 2398 798 2435 hac
818 2397 842 2445 l.
861 2399 895 2436 3.
916 2398 958 2445 ll.
977 2399 1028 2436 16.
1052 2399 1297 2437 Dimidium
1315 2400 1369 2437 est
1388 2399 1412 2446 l.
1432 2401 1456 2437 l.
1477 2399 1519 2447 ll.
1537 2401 1600 2442 38.
1622 2400 1740 2448 quod
1763 2397 1959 2438 iunctum
1974 2397 2063 2436 Asc.
2098 2407 2130 2434 ιο

422 2448 562 2487 Κεόῖεε
585 2453 756 2492 minori.
780 2451 1047 2490 verificatam
1066 2452 1233 2490 Arcens.
1259 2452 1369 2490 Rec‘t.
1394 2454 1570 2492 Lucidae
1596 2460 1640 2493 V
1664 2454 1863 2501 producit
1883 2458 1988 2500 part.
2004 2450 2063 2489 26.

422 2502 446 2548 l.
464 2503 499 2540 Ο.
520 2502 562 2549 Η.
581 2504 643 2545 27.
661 2505 778 2550 quod
797 2505 1137 2543 demonstratum
1155 2506 1389 2544 voluimus.
2035 2555 2051 2594 Ι
