2243 3225
408 201 484 238 408
782 194 1233 234 ASTRONOMIAE
1254 191 1675 230 INSTAURATAE

459 305 517 342 Sit
528 307 571 341 in
582 302 773 350 apposito
783 301 1022 348 Triangulo
1032 301 1072 337 A
1082 300 1225 337 Polus.
1239 299 1272 336 B
1283 298 1415 336 Stella
1425 297 1602 335 Polaris.
1615 296 1652 335 C
1662 296 1809 335 Noua.
1821 296 2048 343 Quoniam

405 369 507 395 vero
525 357 616 403 (per
632 361 781 393 notam
799 354 1153 392 Declinationem
1169 352 1336 390 Polaris
1352 350 1496 389 Stellae
1514 355 1621 398 part.
1639 350 1702 388 86.
1718 352 1824 388 min.
1841 350 1904 388 59.
1923 348 1966 398 ll.
1983 350 2046 394 45,

403 413 522 447 iuxta
539 409 725 446 nostram
742 406 1068 451 restitutionem)
1086 406 1213 443 datur
1225 405 1358 443 Latus
1370 405 1448 442 BA
1464 409 1571 451 part.
1584 404 1620 441 3.
1632 405 1737 441 min.
1750 403 1786 441 Ο.
1801 401 1843 451 ll.
1856 404 1910 447 15,
1926 415 2046 451 pror-

402 463 469 499 sus
491 464 759 499 conueniens
781 472 879 498 cum
899 458 1120 506 Hainzelij
1141 457 1457 496 Obseruatione
1478 459 1524 494 in
1544 456 1743 494 distantia
1758 456 2000 504 Cynosurae
2020 468 2047 495 a

749 513 868 555 Polo,
886 512 1042 550 eodem
1053 513 1188 549 Anno
1203 510 1499 558 peruestigata.
1517 510 1650 548 Latus
1666 514 1815 548 autem
1826 510 1860 547 B
1869 509 1906 548 C
1917 511 2046 548 inter-
2084 523 2100 548 5

639 549 678 589 Α
750 566 914 614 capedo
935 565 1068 603 huius
1084 565 1122 602 &
1138 564 1298 608 Nouae,
1320 575 1455 611 quam
1475 563 1789 601 adinuenimus
1809 562 1852 600 P.
1868 563 1932 602 25.
1950 561 1976 611 Ι.
1992 563 2045 601 14.

749 619 950 667 Angulus
972 618 1099 656 ΒΑΕ
1120 618 1247 655 datur
1270 629 1323 655 ex
1344 616 1590 655 differentia
1609 615 1883 654 Ascenfionis
1904 614 2047 655 Redtae

749 673 893 711 Stellae
914 671 1080 709 Polaris
1100 676 1207 718 part.
1224 672 1260 709 5.
1284 669 1309 718 l.
1326 670 1361 708 3.
1383 668 1427 718 ll.
1444 670 1507 714 25,
1529 670 1567 708 &
1588 670 1735 708 Nouae
1756 675 1863 718 part.
1880 669 1916 708 Ο.
1939 668 1965 718 Ι.
1982 669 2045 709 26.

415 751 453 793 P>
748 725 945 817 Ἇέἶὶέὲ
957 724 1199 822 {²1}ss&ss
1203 721 1649 815 Ἃῗᾶἒὲἱῖἒωρῗὲἒὲ
1655 723 2046 815 ἕῖᾰοῗῗὲἕὴὲιῗὲἓὲ
2086 789 2116 815 10

747 839 853 879 part.
870 832 932 870 28.
950 833 1102 869 minut.
1120 830 1196 870 13³2.
1214 830 1371 878 Sicque
1387 832 1679 868 remotionem
1695 829 1839 868 Stellae
1856 830 2004 869 Nouae
2019 842 2046 869 a

747 886 852 923 Polo
869 887 915 922 in
930 885 1131 932 suprema
1148 886 1241 922 eius
1257 884 1501 921 Altitudine
1519 883 1683 922 etiamfi
1699 894 1799 922 eam
1815 883 2045 923 obseruare

747 951 837 976 non
853 939 984 981 licuit,
1000 938 1098 976 satis
1114 937 1289 984 praecise
1305 942 1435 985 prout
1450 937 1800 982 intendebamus,
1821 939 1966 975 rimati
1980 937 2045 976 su-

746 1004 860 1034 mus:
883 992 995 1029 Haec
1011 991 1041 1029 fi
1057 1003 1158 1029 cum
1175 1002 1239 1034 ea,
1261 1002 1361 1038 quae
1378 990 1584 1038 Augustae
1600 992 1646 1028 in
1662 990 1858 1028 altissimo
1878 990 1957 1029 fitu
1977 1002 2044 1029 ac-

746 1051 869 1092 cepta
890 1044 956 1089 est,
978 1045 1031 1082 de
1048 1056 1135 1092 qua
1154 1044 1287 1082 modo
1309 1044 1512 1088 diximus,
1534 1043 1795 1089 conferatur,
1817 1043 2045 1083 discrimen
2085 1056 2114 1082 15

745 1099 935 1146 suggeret
955 1098 1105 1136 saltem
1125 1100 1229 1135 min.
1248 1098 1274 1142 1,
1297 1097 1415 1145 quod
1435 1097 1607 1135 nullam
1627 1097 1699 1135 hic
1716 1102 1909 1136 meretur
1923 1109 2043 1136 men-

745 1154 921 1189 tionem.
939 1151 991 1197 Jd
1012 1153 1131 1189 enim
1150 1153 1424 1189 minutorum
1440 1151 1464 1189 9
1480 1153 1679 1198 proxime
1702 1151 1778 1189 esse
1799 1151 1994 1196 debebat,
2014 1151 2045 1189 fi

746 1205 878 1243 Stella
889 1205 985 1243 haec
996 1207 1042 1242 in
1054 1207 1200 1242 citima
1213 1206 1486 1243 concauitate
1500 1204 1630 1243 Orbis
1642 1204 1830 1243 Lunaris
1842 1205 2042 1243 extitisset.

675 1274 710 1314 C
798 1258 866 1296 Sic
880 1261 925 1296 in
939 1257 1093 1296 infima
1105 1257 1250 1296 Stellae
1262 1258 1505 1296 Altitudine
1517 1257 1723 1306 Augustae
1734 1259 1857 1296 iuxta
1868 1257 1924 1303 G,
1941 1269 2043 1297 eua-

744 1312 802 1350 dit
814 1311 1054 1349 Parallaxis
1066 1316 1173 1359 part.
1184 1312 1210 1349 l.
1225 1309 1250 1359 l.
1260 1311 1296 1349 2.
1311 1309 1354 1359 ll.
1367 1311 1404 1355 4,
1416 1317 1459 1349 at
1471 1311 1777 1359 Herritzwadij
1790 1313 1837 1349 in
1848 1308 2044 1362 Sca-ssnia
2067 1318 2129 1350 455

395 1365 448 1401 ad
470 1364 501 1401 F
522 1364 670 1402 saltem
690 1370 796 1412 part.
813 1365 849 1403 Ο.
871 1367 1024 1402 minut.
1042 1365 1127 1409 585,
1149 1364 1393 1402 discrimine
1415 1364 1617 1402 existente
1637 1363 1662 1412 l.
1679 1364 1738 1409 323,
1760 1366 1806 1402 in
1826 1371 2043 1412 quantum

395 1418 676 1455 interuallum
693 1418 837 1456 Stellae
855 1430 880 1456 a
897 1418 1003 1455 Polo
1019 1420 1066 1455 in
1083 1420 1230 1456 citima
1245 1418 1489 1456 Altitudine
1510 1417 1582 1456 hic
1600 1419 1745 1456 maius
1761 1419 1838 1456 esse
1855 1418 2042 1464 deberet,

395 1482 528 1517 quam
544 1471 642 1515 illic,
660 1484 759 1509 curn
775 1478 924 1510 tamen
940 1473 1013 1509 vix
1029 1472 1194 1519 dimidij
1214 1473 1384 1516 minuti,
1401 1483 1478 1519 per
1491 1471 1857 1510 obseruationem
1872 1478 2043 1520 reperta

394 1524 438 1561 sit
460 1524 754 1572 discrepantia,
779 1525 897 1572 quod
918 1525 1039 1563 suam
1061 1525 1187 1563 facile
1208 1531 1400 1563 meretur
1421 1525 1759 1569 excusationem,
1783 1537 1885 1564 cum
1905 1537 1982 1573 per
2001 1525 2042 1564 se

395 1579 465 1614 vix
482 1577 527 1615 fit
542 1577 746 1616 sensibile.
2079 1591 2112 1616 25

446 1632 589 1678 Atque
607 1643 659 1669 ex
676 1631 743 1669 his
760 1631 1036 1679 consequitur
1053 1632 1352 1670 Horizontum
1368 1631 1661 1670 diuerfitatem
1677 1634 1789 1670 inter
1802 1632 2042 1681 Augustam

393 1684 430 1721 &
447 1683 563 1722 hunc
580 1685 726 1723 locum
742 1685 911 1723 nullam
929 1685 1104 1723 effecisse
1121 1685 1448 1733 perceptibilem
1465 1684 1770 1730 differentiam,
1788 1687 1834 1724 in
1845 1685 2043 1725 distantia

393 1736 536 1775 Stellae
558 1750 583 1775 a
604 1738 709 1776 Polo
733 1745 863 1786 atque
886 1741 979 1776 eius
1001 1739 1326 1781 Declinatione;
1352 1739 1544 1786 Ideoque
1567 1739 1696 1787 longe
1719 1739 1848 1787 supra
1868 1739 2042 1778 Lunam

392 1789 505 1828 fuisse
523 1791 605 1829 hoc
619 1791 758 1835 Sidus,
776 1792 845 1830 vbi
857 1792 1006 1830 Terrae
1023 1792 1220 1839 aliquota
1231 1792 1594 1837 circumferentia,
1611 1792 1681 1831 vel
1691 1792 1793 1831 sane
1805 1798 1895 1832 tota
1907 1792 2041 1832 Semi·

393 1844 601 1882 diameter
618 1845 788 1882 nullam
805 1845 968 1883 obtinet
985 1845 1172 1884 sensibus
1189 1848 1485 1884 incurrentem
1501 1848 1844 1894 proportionem.
2078 1857 2111 1883 30

445 1897 487 1935 Si
500 1900 544 1934 in
555 1898 737 1945 Sphaera
747 1898 887 1936 Solari
900 1899 1055 1937 eadem
1067 1899 1364 1943 scrutabimur,
1377 1899 1601 1938 diuersitas
1613 1900 1866 1947 permodica
1877 1901 1968 1944 erit,
1980 1906 2040 1938 vt-

392 1957 489 1996 pote
500 1953 611 1989 circa
622 1951 843 1999 supremas
852 1952 1117 1990 Altitudines
1127 1953 1237 1990 duas
1245 1954 1421 2000 quintas
1428 1955 1557 1991 vnius
1567 1955 1725 1992 minuti
1733 1955 2040 2002 vixattingens,

391 2004 507 2050 apud
525 2007 691 2043 citimas
708 2017 798 2043 non
815 2006 944 2052 plane
962 2006 1125 2044 sextam
1138 2008 1266 2044 vnius
1281 2013 1461 2054 partem.
1481 2006 1631 2053 Quare
1643 2018 1744 2045 cum
1756 2006 1828 2045 hae
1839 2005 2040 2046 differen-

391 2057 506 2095 tiolae
522 2057 597 2095 sint
613 2059 760 2105 quoad
774 2058 887 2096 hanc
903 2062 1283 2098 ratiocinationem
1299 2060 1674 2108 imperceptibiles,
1690 2060 1728 2098 &
1742 2060 1882 2099 multo
1895 2059 2040 2099 adhuc

392 2112 581 2148 minores
592 2123 725 2158 prope
737 2112 911 2150 Saturni
922 2115 1095 2155 extima,
1109 2114 1268 2151 idcirco
1279 2125 1353 2151 eas
1363 2114 1415 2151 de
1428 2113 1635 2152 industria
1646 2113 2038 2162 praetergredimur.
2076 2124 2108 2150 35

444 2164 495 2201 Vt
509 2176 611 2202 vero
624 2165 850 2212 aliquanto
864 2168 1006 2204 maius
1019 2167 1318 2204 Horizontum
1331 2166 1376 2204 sit
1388 2167 1685 2210 interuallum,
1703 2179 1845 2215 eoque
1862 2167 2039 2206 euiden-

392 2218 474 2253 tius
488 2217 781 2255 Parallaxium
799 2219 1038 2261 discrimen,
1055 2220 1362 2258 adhibebimus
1374 2223 1506 2258 etiarn
1519 2220 1754 2259 Doctissimi
1766 2223 1811 2259 in
1823 2220 2039 2269 Hispania

393 2269 692 2308 Mathematici
716 2271 1059 2310 HIERONYMI
1083 2273 1335 2312 MVNOSII
1359 2273 1700 2312 Obseruationes
1720 2276 1765 2312 in
1786 2276 1982 2313 maxima
2000 2273 2038 2313 ἃ
2075 2280 2095 2311 1»

391 2324 534 2360 citima
553 2324 695 2362 Stellae
714 2325 966 2368 Altitudine.
989 2338 1077 2373 quo
1095 2327 1328 2365 collatione
1346 2339 1447 2365 cum
1464 2327 1615 2366 nostris
1631 2326 1754 2370 fac'ta,
1776 2328 1819 2366 id
1840 2328 1959 2376 quod
1974 2330 2038 2366 in·

391 2376 621 2418 tendimus,
640 2378 810 2424 plenius
828 2379 1043 2425 probetur.
2074 2391 2108 2418 ⁴⁰

445 2429 557 2467 Dicit
575 2430 751 2468 Stellam
774 2431 886 2469 hanc
909 2432 1096 2470 habuisse
1114 2434 1404 2472 Altitudinem
1425 2437 1681 2477 maximam,
1703 2435 1744 2472 Ρ.
1762 2435 1825 2473 67.
1844 2433 1869 2482 Ι.
1886 2434 1938 2474 30
1953 2434 2036 2474 Va-

391 2482 534 2520 lentia:
548 2486 591 2520 in
606 2483 830 2531 Hispania.
845 2486 914 2522 vbi
928 2486 1204 2525 Prosessorem
1218 2487 1545 2526 Mathematum
1558 2491 1652 2536 egit.
1670 2489 1858 2536 ideoque
1870 2490 1916 2527 in
1927 2499 2036 2537 prae·

1887 2541 2037 2590 scripta
