<?xml version="1.0" encoding="UTF-8"?>
<!DOCTYPE html PUBLIC "-//W3C//DTD XHTML 1.0 Transitional//EN"
    "http://www.w3.org/TR/xhtml1/DTD/xhtml1-transitional.dtd">
<html xmlns="http://www.w3.org/1999/xhtml" xml:lang="en" lang="en">
 <head>
  <title>
</title>
<meta http-equiv="Content-Type" content="text/html;charset=utf-8" />
  <meta name='ocr-system' content='tesseract 3.04.00' />
  <meta name='ocr-capabilities' content='ocr_page ocr_carea ocr_par ocr_line ocrx_word'/>
</head>
<body>
  <div class='ocr_page' id='page_1' title='image "./operaomniaedidit02brahuoft_0298.png"; bbox 0 0 2243 3225; ppageno 0'>
   <div class='ocr_carea' id='block_1_1' title="bbox 417 203 1688 249">
    <p class='ocr_par' dir='ltr' id='par_1_1' title="bbox 417 203 1688 249">
     <span class='ocr_line' id='line_1_1' title="bbox 417 203 1688 249; baseline -0.006 0"><span class='ocrx_word' id='word_1_1' title='bbox 417 211 493 249; x_wconf 87' lang='lat'>282</span> <span class='ocrx_word' id='word_1_2' title='bbox 790 205 1244 246; x_wconf 85' lang='lat' dir='ltr'><strong>ASTRONOMIAE</strong></span> <span class='ocrx_word' id='word_1_3' title='bbox 1265 203 1688 244; x_wconf 87' lang='lat' dir='ltr'><strong>INSTAURATAE</strong></span> 
     </span>
    </p>
   </div>
   <div class='ocr_carea' id='block_1_2' title="bbox 403 309 2148 2601">
    <p class='ocr_par' dir='ltr' id='par_1_2' title="bbox 416 309 2148 467">
     <span class='ocr_line' id='line_1_2' title="bbox 416 309 2059 360; baseline -0.002 -7"><span class='ocrx_word' id='word_1_4' title='bbox 416 316 699 358; x_wconf 75' lang='lat' dir='ltr'>staurationis‚</span> <span class='ocrx_word' id='word_1_5' title='bbox 721 314 838 360; x_wconf 93' lang='lat' dir='ltr'>quod</span> <span class='ocrx_word' id='word_1_6' title='bbox 859 313 1079 355; x_wconf 83' lang='lat' dir='ltr'>molimur,</span> <span class='ocrx_word' id='word_1_7' title='bbox 1100 312 1305 355; x_wconf 70' lang='lat' dir='ltr'>Theano,</span> <span class='ocrx_word' id='word_1_8' title='bbox 1326 310 1514 349; x_wconf 91' lang='lat' dir='ltr'>totaliter</span> <span class='ocrx_word' id='word_1_9' title='bbox 1529 309 1728 354; x_wconf 91' lang='lat' dir='ltr'>inserere,</span> <span class='ocrx_word' id='word_1_10' title='bbox 1750 310 2059 349; x_wconf 81' lang='lat' dir='ltr'>constituimus.</span> 
     </span>
     <span class='ocr_line' id='line_1_3' title="bbox 416 361 2148 413; baseline -0.001 -8"><span class='ocrx_word' id='word_1_11' title='bbox 416 368 672 406; x_wconf 86' lang='lat' dir='ltr'>Notandum</span> <span class='ocrx_word' id='word_1_12' title='bbox 683 378 800 410; x_wconf 89' lang='lat' dir='ltr'>vero,</span> <span class='ocrx_word' id='word_1_13' title='bbox 816 366 934 413; x_wconf 93' lang='lat' dir='ltr'>quod</span> <span class='ocrx_word' id='word_1_14' title='bbox 945 366 1016 403; x_wconf 91' lang='lat' dir='ltr'>vbi</span> <span class='ocrx_word' id='word_1_15' title='bbox 1029 364 1239 403; x_wconf 82' lang='lat' dir='ltr'>obeliscus</span> <span class='ocrx_word' id='word_1_16' title='bbox 1252 361 1266 413; x_wconf 94' lang='grc' dir='ltr'>ΙΙ</span> <span class='ocrx_word' id='word_1_17' title='bbox 1278 363 1537 411; x_wconf 86' lang='lat' dir='ltr'>quibusdam</span> <span class='ocrx_word' id='word_1_18' title='bbox 1548 365 1595 401; x_wconf 91' lang='lat' dir='ltr'>in</span> <span class='ocrx_word' id='word_1_19' title='bbox 1605 364 1818 411; x_wconf 85' lang='lat' dir='ltr'>praemissa</span> <span class='ocrx_word' id='word_1_20' title='bbox 1830 363 2061 402; x_wconf 85' lang='lat' dir='ltr'>Canonica</span> <span class='ocrx_word' id='word_1_21' title='bbox 2084 372 2148 404; x_wconf 82' lang='lat'>274</span> 
     </span>
     <span class='ocr_line' id='line_1_4' title="bbox 416 416 2018 467; baseline -0.002 -9"><span class='ocrx_word' id='word_1_22' title='bbox 416 420 677 467; x_wconf 83' lang='lat' dir='ltr'>expositione</span> <span class='ocrx_word' id='word_1_23' title='bbox 694 418 901 466; x_wconf 81' lang='lat' dir='ltr'>praefixus</span> <span class='ocrx_word' id='word_1_24' title='bbox 918 419 984 463; x_wconf 82' lang='lat' dir='ltr'>est,</span> <span class='ocrx_word' id='word_1_25' title='bbox 1003 429 1076 456; x_wconf 89' lang='lat' dir='ltr'>eas</span> <span class='ocrx_word' id='word_1_26' title='bbox 1093 429 1119 456; x_wconf 90' lang='lat' dir='ltr'>a</span> <span class='ocrx_word' id='word_1_27' title='bbox 1134 417 1352 455; x_wconf 87' lang='lat' dir='ltr'>veteribus</span> <span class='ocrx_word' id='word_1_28' title='bbox 1369 422 1500 455; x_wconf 90' lang='lat' dir='ltr'>antea</span> <span class='ocrx_word' id='word_1_29' title='bbox 1515 428 1607 454; x_wconf 92' lang='lat' dir='ltr'>non</span> <span class='ocrx_word' id='word_1_30' title='bbox 1623 416 1874 455; x_wconf 90' lang='lat' dir='ltr'>obseruatas</span> <span class='ocrx_word' id='word_1_31' title='bbox 1889 416 2018 455; x_wconf 87' lang='lat' dir='ltr'>fuisse.</span> 
     </span>
    </p>

    <p class='ocr_par' dir='ltr' id='par_1_3' title="bbox 410 469 2128 945">
     <span class='ocr_line' id='line_1_5' title="bbox 467 469 2060 514; baseline -0.001 -4"><span class='ocrx_word' id='word_1_32' title='bbox 467 473 577 510; x_wconf 92' lang='lat' dir='ltr'>Illud</span> <span class='ocrx_word' id='word_1_33' title='bbox 599 475 729 511; x_wconf 90' lang='lat' dir='ltr'>etiam</span> <span class='ocrx_word' id='word_1_34' title='bbox 749 472 1022 510; x_wconf 92' lang='lat' dir='ltr'>monendum</span> <span class='ocrx_word' id='word_1_35' title='bbox 1043 472 1168 514; x_wconf 90' lang='lat' dir='ltr'>duco,</span> <span class='ocrx_word' id='word_1_36' title='bbox 1189 470 1469 508; x_wconf 87' lang='lat' dir='ltr'><strong>IACOBVM</strong></span> <span class='ocrx_word' id='word_1_37' title='bbox 1490 469 1878 508; x_wconf 89' lang='lat' dir='ltr'><strong>FLORENTIVM</strong></span> <span class='ocrx_word' id='word_1_38' title='bbox 1900 469 2060 509; x_wconf 92' lang='lat' dir='ltr'>Ciuem</span> 
     </span>
     <span class='ocr_line' id='line_1_6' title="bbox 414 522 2113 570; baseline 0 -7"><span class='ocrx_word' id='word_1_39' title='bbox 414 525 873 568; x_wconf 85' lang='lat' dir='ltr'>Amsterodamensem,</span> <span class='ocrx_word' id='word_1_40' title='bbox 896 524 1145 563; x_wconf 89' lang='lat' dir='ltr'>Globorum</span> <span class='ocrx_word' id='word_1_41' title='bbox 1162 523 1416 562; x_wconf 86' lang='lat' dir='ltr'>Coelestium</span> <span class='ocrx_word' id='word_1_42' title='bbox 1433 529 1564 570; x_wconf 91' lang='lat' dir='ltr'>atque</span> <span class='ocrx_word' id='word_1_43' title='bbox 1579 522 1864 561; x_wconf 86' lang='lat' dir='ltr'>Terrestrium</span> <span class='ocrx_word' id='word_1_44' title='bbox 1885 522 2059 562; x_wconf 90' lang='lat' dir='ltr'>confici·</span> <span class='ocrx_word' id='word_1_45' title='bbox 2097 537 2113 563; x_wconf 86' lang='lat'>5</span> 
     </span>
     <span class='ocr_line' id='line_1_7' title="bbox 414 575 2057 626; baseline -0.002 -9"><span class='ocrx_word' id='word_1_46' title='bbox 414 580 627 617; x_wconf 90' lang='lat' dir='ltr'>endorum</span> <span class='ocrx_word' id='word_1_47' title='bbox 651 578 910 626; x_wconf 81' lang='lat' dir='ltr'>singularem</span> <span class='ocrx_word' id='word_1_48' title='bbox 936 577 1159 621; x_wconf 89' lang='lat' dir='ltr'>artificem,</span> <span class='ocrx_word' id='word_1_49' title='bbox 1184 577 1302 614; x_wconf 90' lang='lat' dir='ltr'>misso</span> <span class='ocrx_word' id='word_1_50' title='bbox 1327 575 1413 614; x_wconf 91' lang='lat' dir='ltr'>huc</span> <span class='ocrx_word' id='word_1_51' title='bbox 1439 575 1531 614; x_wconf 89' lang='lat' dir='ltr'>filio</span> <span class='ocrx_word' id='word_1_52' title='bbox 1554 575 1642 620; x_wconf 87' lang='lat' dir='ltr'>suo,</span> <span class='ocrx_word' id='word_1_53' title='bbox 1667 576 1860 614; x_wconf 92' lang='lat' dir='ltr'>eiusdem</span> <span class='ocrx_word' id='word_1_54' title='bbox 1883 575 2057 625; x_wconf 89' lang='lat' dir='ltr'>Opificij</span> 
     </span>
     <span class='ocr_line' id='line_1_8' title="bbox 412 629 2058 680; baseline -0.001 -10"><span class='ocrx_word' id='word_1_55' title='bbox 412 643 559 680; x_wconf 86' lang='lat' dir='ltr'>gnaro,</span> <span class='ocrx_word' id='word_1_56' title='bbox 582 631 812 670; x_wconf 80' lang='lat' dir='ltr'>Coelessem</span> <span class='ocrx_word' id='word_1_57' title='bbox 833 630 1056 678; x_wconf 84' lang='lat' dir='ltr'>quendam</span> <span class='ocrx_word' id='word_1_58' title='bbox 1073 630 1282 673; x_wconf 90' lang='lat' dir='ltr'>Globum,</span> <span class='ocrx_word' id='word_1_59' title='bbox 1303 629 1543 667; x_wconf 92' lang='lat' dir='ltr'>secundum</span> <span class='ocrx_word' id='word_1_60' title='bbox 1563 629 1753 668; x_wconf 83' lang='lat' dir='ltr'>nostram</span> <span class='ocrx_word' id='word_1_61' title='bbox 1772 629 1900 674; x_wconf 90' lang='lat' dir='ltr'>hanc,</span> <span class='ocrx_word' id='word_1_62' title='bbox 1922 631 1968 668; x_wconf 94' lang='lat' dir='ltr'>in</span> <span class='ocrx_word' id='word_1_63' title='bbox 1983 629 2058 668; x_wconf 84' lang='lat' dir='ltr'>Af-</span> 
     </span>
     <span class='ocr_line' id='line_1_9' title="bbox 412 681 2060 729; baseline -0.001 -7"><span class='ocrx_word' id='word_1_64' title='bbox 412 685 600 723; x_wconf 87' lang='lat' dir='ltr'>fixarum</span> <span class='ocrx_word' id='word_1_65' title='bbox 623 685 740 729; x_wconf 90' lang='lat' dir='ltr'>locis,</span> <span class='ocrx_word' id='word_1_66' title='bbox 763 684 1120 727; x_wconf 88' lang='lat' dir='ltr'>verificationem‚</span> <span class='ocrx_word' id='word_1_67' title='bbox 1146 681 1358 721; x_wconf 68' lang='lat' dir='ltr'>haetenus</span> <span class='ocrx_word' id='word_1_68' title='bbox 1380 682 1554 721; x_wconf 89' lang='lat' dir='ltr'>vfitatos</span> <span class='ocrx_word' id='word_1_69' title='bbox 1577 682 1833 721; x_wconf 88' lang='lat' dir='ltr'>certitudine</span> <span class='ocrx_word' id='word_1_70' title='bbox 1856 682 1895 720; x_wconf 83' lang='lat'>&amp;</span> <span class='ocrx_word' id='word_1_71' title='bbox 1916 682 2060 721; x_wconf 90' lang='lat' dir='ltr'>solerti</span> 
     </span>
     <span class='ocr_line' id='line_1_10' title="bbox 412 735 2115 785; baseline 0.001 -10"><span class='ocrx_word' id='word_1_72' title='bbox 412 739 709 776; x_wconf 86' lang='lat' dir='ltr'>elaboratione</span> <span class='ocrx_word' id='word_1_73' title='bbox 734 738 861 785; x_wconf 87' lang='lat' dir='ltr'>longe</span> <span class='ocrx_word' id='word_1_74' title='bbox 887 742 1242 784; x_wconf 66' lang='lat' dir='ltr'>temperaturum,</span> <span class='ocrx_word' id='word_1_75' title='bbox 1269 735 1487 774; x_wconf 89' lang='lat' dir='ltr'>adornare</span> <span class='ocrx_word' id='word_1_76' title='bbox 1512 736 1753 774; x_wconf 84' lang='lat' dir='ltr'>decreuisse.</span> <span class='ocrx_word' id='word_1_77' title='bbox 1780 735 1913 782; x_wconf 90' lang='lat' dir='ltr'>Quod</span> <span class='ocrx_word' id='word_1_78' title='bbox 1935 735 1992 774; x_wconf 94' lang='lat' dir='ltr'>ob</span> <span class='ocrx_word' id='word_1_79' title='bbox 2013 736 2058 775; x_wconf 88' lang='lat' dir='ltr'>id</span> <span class='ocrx_word' id='word_1_80' title='bbox 2095 745 2115 776; x_wconf 83' lang='lat'><strong>†</strong></span> 
     </span>
     <span class='ocr_line' id='line_1_11' title="bbox 411 788 2128 838; baseline 0 -9"><span class='ocrx_word' id='word_1_81' title='bbox 411 803 722 834; x_wconf 86' lang='lat' dir='ltr'>commemoro,</span> <span class='ocrx_word' id='word_1_82' title='bbox 746 797 788 828; x_wconf 93' lang='lat' dir='ltr'>vt</span> <span class='ocrx_word' id='word_1_83' title='bbox 810 791 839 828; x_wconf 86' lang='lat' dir='ltr'>fi</span> <span class='ocrx_word' id='word_1_84' title='bbox 862 793 937 838; x_wconf 90' lang='lat' dir='ltr'>qui</span> <span class='ocrx_word' id='word_1_85' title='bbox 959 790 1118 828; x_wconf 89' lang='lat' dir='ltr'>talibus</span> <span class='ocrx_word' id='word_1_86' title='bbox 1141 789 1376 837; x_wconf 82' lang='lat' dir='ltr'>impensius</span> <span class='ocrx_word' id='word_1_87' title='bbox 1400 788 1678 833; x_wconf 70' lang='lat' dir='ltr'>delec&#39;tentur,</span> <span class='ocrx_word' id='word_1_88' title='bbox 1703 788 1951 828; x_wconf 89' lang='lat' dir='ltr'>absolutum</span> <span class='ocrx_word' id='word_1_89' title='bbox 1972 788 2057 828; x_wconf 91' lang='lat' dir='ltr'>hoc</span> <span class='ocrx_word' id='word_1_90' title='bbox 2097 803 2128 829; x_wconf 89' lang='grc' dir='ltr'>ιο</span> 
     </span>
     <span class='ocr_line' id='line_1_12' title="bbox 411 843 2058 891; baseline -0.001 -9"><span class='ocrx_word' id='word_1_91' title='bbox 411 844 724 882; x_wconf 90' lang='lat' dir='ltr'>Mechanicum</span> <span class='ocrx_word' id='word_1_92' title='bbox 748 844 871 891; x_wconf 92' lang='lat' dir='ltr'>Opus</span> <span class='ocrx_word' id='word_1_93' title='bbox 894 844 995 881; x_wconf 91' lang='lat' dir='ltr'>inde</span> <span class='ocrx_word' id='word_1_94' title='bbox 1018 843 1279 891; x_wconf 88' lang='lat' dir='ltr'>potissimum</span> <span class='ocrx_word' id='word_1_95' title='bbox 1302 845 1583 890; x_wconf 88' lang='lat' dir='ltr'>conquirant:</span> <span class='ocrx_word' id='word_1_96' title='bbox 1610 854 1699 890; x_wconf 93' lang='lat' dir='ltr'>quo</span> <span class='ocrx_word' id='word_1_97' title='bbox 1721 844 1811 881; x_wconf 90' lang='lat' dir='ltr'>voti</span> <span class='ocrx_word' id='word_1_98' title='bbox 1834 848 2058 891; x_wconf 85' lang='lat' dir='ltr'>compotes</span> 
     </span>
     <span class='ocr_line' id='line_1_13' title="bbox 410 898 914 945; baseline -0.002 -10"><span class='ocrx_word' id='word_1_99' title='bbox 410 900 650 945; x_wconf 89' lang='lat' dir='ltr'>promptius</span> <span class='ocrx_word' id='word_1_100' title='bbox 666 898 914 935; x_wconf 87' lang='lat' dir='ltr'>reddantur.</span> 
     </span>
    </p>

    <p class='ocr_par' dir='ltr' id='par_1_4' title="bbox 403 948 2127 2545">
     <span class='ocr_line' id='line_1_14' title="bbox 463 948 2058 998; baseline 0 -11"><span class='ocrx_word' id='word_1_101' title='bbox 463 951 509 988; x_wconf 92' lang='lat' dir='ltr'>Id</span> <span class='ocrx_word' id='word_1_102' title='bbox 532 950 704 998; x_wconf 85' lang='lat' dir='ltr'>insuper</span> <span class='ocrx_word' id='word_1_103' title='bbox 726 950 891 988; x_wconf 81' lang='lat' dir='ltr'>silentio</span> <span class='ocrx_word' id='word_1_104' title='bbox 914 952 1135 997; x_wconf 88' lang='lat' dir='ltr'>praeterire</span> <span class='ocrx_word' id='word_1_105' title='bbox 1158 961 1250 987; x_wconf 94' lang='lat' dir='ltr'>non</span> <span class='ocrx_word' id='word_1_106' title='bbox 1269 950 1446 997; x_wconf 88' lang='lat' dir='ltr'>possum,</span> <span class='ocrx_word' id='word_1_107' title='bbox 1468 948 1792 987; x_wconf 86' lang='lat' dir='ltr'>Illustrissimum</span> <span class='ocrx_word' id='word_1_108' title='bbox 1811 949 2058 997; x_wconf 89' lang='lat' dir='ltr'>Principem</span> 
     </span>
     <span class='ocr_line' id='line_1_15' title="bbox 409 1002 2057 1051; baseline 0 -11"><span class='ocrx_word' id='word_1_109' title='bbox 409 1003 699 1041; x_wconf 90' lang='lat' dir='ltr'>Wilhelmum</span> <span class='ocrx_word' id='word_1_110' title='bbox 718 1003 877 1041; x_wconf 86' lang='lat' dir='ltr'>Hassiae</span> <span class='ocrx_word' id='word_1_111' title='bbox 895 1003 1223 1051; x_wconf 89' lang='lat' dir='ltr'>Landgrauium</span> <span class='ocrx_word' id='word_1_112' title='bbox 1246 1002 1339 1050; x_wconf 92' lang='lat' dir='ltr'>(qui</span> <span class='ocrx_word' id='word_1_113' title='bbox 1359 1002 1503 1041; x_wconf 85' lang='lat' dir='ltr'>nostro</span> <span class='ocrx_word' id='word_1_114' title='bbox 1523 1002 1608 1041; x_wconf 90' lang='lat' dir='ltr'>hoc</span> <span class='ocrx_word' id='word_1_115' title='bbox 1623 1002 1742 1041; x_wconf 93' lang='lat' dir='ltr'>AEuo</span> <span class='ocrx_word' id='word_1_116' title='bbox 1762 1002 1934 1041; x_wconf 87' lang='lat' dir='ltr'>sublimi</span> <span class='ocrx_word' id='word_1_117' title='bbox 1954 1002 2057 1041; x_wconf 92' lang='lat' dir='ltr'>huic</span> 
     </span>
     <span class='ocr_line' id='line_1_16' title="bbox 410 1055 2127 1104; baseline 0 -10"><span class='ocrx_word' id='word_1_118' title='bbox 410 1068 525 1094; x_wconf 88' lang='lat' dir='ltr'>curae</span> <span class='ocrx_word' id='word_1_119' title='bbox 541 1056 790 1094; x_wconf 90' lang='lat' dir='ltr'>indefessum</span> <span class='ocrx_word' id='word_1_120' title='bbox 807 1056 1003 1094; x_wconf 87' lang='lat' dir='ltr'>laborem</span> <span class='ocrx_word' id='word_1_121' title='bbox 1018 1056 1129 1094; x_wconf 88' lang='lat' dir='ltr'>vltra</span> <span class='ocrx_word' id='word_1_122' title='bbox 1144 1058 1319 1104; x_wconf 88' lang='lat' dir='ltr'>triginta</span> <span class='ocrx_word' id='word_1_123' title='bbox 1334 1067 1477 1094; x_wconf 90' lang='lat' dir='ltr'>annos</span> <span class='ocrx_word' id='word_1_124' title='bbox 1498 1055 1776 1094; x_wconf 84' lang='lat' dir='ltr'>laudabiliter</span> <span class='ocrx_word' id='word_1_125' title='bbox 1796 1055 1997 1101; x_wconf 90' lang='lat' dir='ltr'>elocauit‚</span> <span class='ocrx_word' id='word_1_126' title='bbox 2018 1055 2057 1094; x_wconf 86' lang='lat'>&amp;</span> <span class='ocrx_word' id='word_1_127' title='bbox 2097 1069 2127 1095; x_wconf 85' lang='lat'>15</span> 
     </span>
     <span class='ocr_line' id='line_1_17' title="bbox 408 1109 2056 1157; baseline 0 -10"><span class='ocrx_word' id='word_1_128' title='bbox 408 1110 585 1147; x_wconf 89' lang='lat' dir='ltr'>tandem</span> <span class='ocrx_word' id='word_1_129' title='bbox 610 1110 664 1153; x_wconf 89' lang='lat' dir='ltr'>id,</span> <span class='ocrx_word' id='word_1_130' title='bbox 690 1112 914 1147; x_wconf 86' lang='lat' dir='ltr'>renouatis</span> <span class='ocrx_word' id='word_1_131' title='bbox 939 1109 1024 1147; x_wconf 86' lang='lat' dir='ltr'>suis</span> <span class='ocrx_word' id='word_1_132' title='bbox 1047 1109 1319 1157; x_wconf 87' lang='lat' dir='ltr'>quibusdam,</span> <span class='ocrx_word' id='word_1_133' title='bbox 1345 1109 1401 1147; x_wconf 93' lang='lat' dir='ltr'>ad</span> <span class='ocrx_word' id='word_1_134' title='bbox 1423 1120 1627 1147; x_wconf 91' lang='lat' dir='ltr'>meorum</span> <span class='ocrx_word' id='word_1_135' title='bbox 1648 1111 1952 1154; x_wconf 88' lang='lat' dir='ltr'>imitationem,</span> <span class='ocrx_word' id='word_1_136' title='bbox 1976 1109 2056 1148; x_wconf 90' lang='lat' dir='ltr'>Or-</span> 
     </span>
     <span class='ocr_line' id='line_1_18' title="bbox 408 1162 2055 1211; baseline 0.001 -11"><span class='ocrx_word' id='word_1_137' title='bbox 408 1165 542 1210; x_wconf 88' lang='lat' dir='ltr'>ganis,</span> <span class='ocrx_word' id='word_1_138' title='bbox 560 1163 824 1207; x_wconf 90' lang='lat' dir='ltr'>consecutus,</span> <span class='ocrx_word' id='word_1_139' title='bbox 837 1169 881 1201; x_wconf 91' lang='lat' dir='ltr'>vt</span> <span class='ocrx_word' id='word_1_140' title='bbox 892 1163 1313 1211; x_wconf 88' lang='lat' dir='ltr'>quadringentarum</span> <span class='ocrx_word' id='word_1_141' title='bbox 1324 1164 1491 1201; x_wconf 91' lang='lat' dir='ltr'>circiter</span> <span class='ocrx_word' id='word_1_142' title='bbox 1502 1162 1798 1201; x_wconf 91' lang='lat' dir='ltr'>Inerrantium</span> <span class='ocrx_word' id='word_1_143' title='bbox 1809 1162 2055 1207; x_wconf 89' lang='lat' dir='ltr'>Stellarum,</span> 
     </span>
     <span class='ocr_line' id='line_1_19' title="bbox 408 1215 2056 1264; baseline 0.001 -11"><span class='ocrx_word' id='word_1_144' title='bbox 408 1222 535 1263; x_wconf 91' lang='lat' dir='ltr'>prout</span> <span class='ocrx_word' id='word_1_145' title='bbox 557 1227 633 1263; x_wconf 91' lang='lat' dir='ltr'>per</span> <span class='ocrx_word' id='word_1_146' title='bbox 655 1216 800 1254; x_wconf 86' lang='lat' dir='ltr'>literas</span> <span class='ocrx_word' id='word_1_147' title='bbox 823 1215 932 1254; x_wconf 91' lang='lat' dir='ltr'>mihi</span> <span class='ocrx_word' id='word_1_148' title='bbox 955 1215 1222 1264; x_wconf 84' lang='lat' dir='ltr'>significauit,</span> <span class='ocrx_word' id='word_1_149' title='bbox 1246 1215 1606 1254; x_wconf 81' lang='lat' dir='ltr'>restaurationem</span> <span class='ocrx_word' id='word_1_150' title='bbox 1629 1215 1669 1254; x_wconf 90' lang='lat' dir='ltr'>se</span> <span class='ocrx_word' id='word_1_151' title='bbox 1692 1216 1827 1264; x_wconf 91' lang='lat' dir='ltr'>probe</span> <span class='ocrx_word' id='word_1_152' title='bbox 1848 1217 2056 1264; x_wconf 86' lang='lat' dir='ltr'>adeptum</span> 
     </span>
     <span class='ocr_line' id='line_1_20' title="bbox 407 1268 2055 1317; baseline 0.001 -11"><span class='ocrx_word' id='word_1_153' title='bbox 407 1269 593 1315; x_wconf 89' lang='lat' dir='ltr'>senserit)</span> <span class='ocrx_word' id='word_1_154' title='bbox 610 1271 655 1307; x_wconf 92' lang='lat' dir='ltr'>in</span> <span class='ocrx_word' id='word_1_155' title='bbox 673 1270 1036 1317; x_wconf 89' lang='lat' dir='ltr'>Longitudinibus</span> <span class='ocrx_word' id='word_1_156' title='bbox 1053 1270 1261 1307; x_wconf 83' lang='lat' dir='ltr'>Fixarum</span> <span class='ocrx_word' id='word_1_157' title='bbox 1276 1269 1437 1317; x_wconf 90' lang='lat' dir='ltr'>vbique</span> <span class='ocrx_word' id='word_1_158' title='bbox 1457 1268 1593 1308; x_wconf 91' lang='lat' dir='ltr'>ferme</span> <span class='ocrx_word' id='word_1_159' title='bbox 1614 1271 1752 1317; x_wconf 83' lang='lat' dir='ltr'>quina</span> <span class='ocrx_word' id='word_1_160' title='bbox 1766 1269 1837 1308; x_wconf 89' lang='lat' dir='ltr'>vel</span> <span class='ocrx_word' id='word_1_161' title='bbox 1851 1269 1955 1308; x_wconf 91' lang='lat' dir='ltr'>sena</span> <span class='ocrx_word' id='word_1_162' title='bbox 1970 1269 2055 1308; x_wconf 84' lang='lat' dir='ltr'>Mi·</span> 
     </span>
     <span class='ocr_line' id='line_1_21' title="bbox 407 1322 2126 1371; baseline 0.001 -11"><span class='ocrx_word' id='word_1_163' title='bbox 407 1328 525 1365; x_wconf 92' lang='lat' dir='ltr'>nuta,</span> <span class='ocrx_word' id='word_1_164' title='bbox 552 1323 693 1360; x_wconf 89' lang='lat' dir='ltr'>nostra</span> <span class='ocrx_word' id='word_1_165' title='bbox 718 1325 1004 1361; x_wconf 87' lang='lat' dir='ltr'>annotatione</span> <span class='ocrx_word' id='word_1_166' title='bbox 1027 1323 1125 1371; x_wconf 90' lang='lat' dir='ltr'>plus</span> <span class='ocrx_word' id='word_1_167' title='bbox 1149 1322 1328 1366; x_wconf 89' lang='lat' dir='ltr'>habere;</span> <span class='ocrx_word' id='word_1_168' title='bbox 1354 1324 1473 1370; x_wconf 92' lang='lat' dir='ltr'>quod</span> <span class='ocrx_word' id='word_1_169' title='bbox 1496 1334 1550 1361; x_wconf 89' lang='lat' dir='ltr'>ex</span> <span class='ocrx_word' id='word_1_170' title='bbox 1572 1322 1773 1371; x_wconf 87' lang='lat' dir='ltr'>pauculis</span> <span class='ocrx_word' id='word_1_171' title='bbox 1796 1322 2056 1370; x_wconf 83' lang='lat' dir='ltr'>quibusdam</span> <span class='ocrx_word' id='word_1_172' title='bbox 2092 1335 2126 1362; x_wconf 83' lang='lat'>20</span> 
     </span>
     <span class='ocr_line' id='line_1_22' title="bbox 406 1375 2056 1425; baseline 0.001 -12"><span class='ocrx_word' id='word_1_173' title='bbox 406 1387 578 1413; x_wconf 91' lang='lat' dir='ltr'>mecum</span> <span class='ocrx_word' id='word_1_174' title='bbox 603 1378 935 1414; x_wconf 89' lang='lat' dir='ltr'>communicatis</span> <span class='ocrx_word' id='word_1_175' title='bbox 958 1376 1099 1414; x_wconf 91' lang='lat' dir='ltr'>Stellis</span> <span class='ocrx_word' id='word_1_176' title='bbox 1123 1376 1289 1424; x_wconf 89' lang='lat' dir='ltr'>collegi.</span> <span class='ocrx_word' id='word_1_177' title='bbox 1316 1375 1419 1423; x_wconf 92' lang='lat' dir='ltr'>Qua</span> <span class='ocrx_word' id='word_1_178' title='bbox 1442 1378 1574 1415; x_wconf 86' lang='lat' dir='ltr'>etiarn</span> <span class='ocrx_word' id='word_1_179' title='bbox 1596 1376 1650 1414; x_wconf 92' lang='lat' dir='ltr'>de</span> <span class='ocrx_word' id='word_1_180' title='bbox 1672 1387 1719 1414; x_wconf 87' lang='lat' dir='ltr'>re</span> <span class='ocrx_word' id='word_1_181' title='bbox 1742 1378 1854 1414; x_wconf 91' lang='lat' dir='ltr'>inter</span> <span class='ocrx_word' id='word_1_182' title='bbox 1875 1387 1957 1414; x_wconf 93' lang='lat' dir='ltr'>nos</span> <span class='ocrx_word' id='word_1_183' title='bbox 1978 1387 2056 1425; x_wconf 88' lang='lat' dir='ltr'>per</span> 
     </span>
     <span class='ocr_line' id='line_1_23' title="bbox 406 1429 2055 1477; baseline 0.001 -11"><span class='ocrx_word' id='word_1_184' title='bbox 406 1429 550 1467; x_wconf 86' lang='lat' dir='ltr'>literas</span> <span class='ocrx_word' id='word_1_185' title='bbox 566 1429 677 1467; x_wconf 91' lang='lat' dir='ltr'>vltro</span> <span class='ocrx_word' id='word_1_186' title='bbox 694 1431 887 1477; x_wconf 89' lang='lat' dir='ltr'>citroque</span> <span class='ocrx_word' id='word_1_187' title='bbox 904 1430 1034 1468; x_wconf 92' lang='lat' dir='ltr'>latius</span> <span class='ocrx_word' id='word_1_188' title='bbox 1045 1429 1191 1468; x_wconf 72' lang='lat' dir='ltr'>actum</span> <span class='ocrx_word' id='word_1_189' title='bbox 1203 1429 1274 1473; x_wconf 78' lang='lat' dir='ltr'>est:</span> <span class='ocrx_word' id='word_1_190' title='bbox 1291 1435 1335 1468; x_wconf 90' lang='lat' dir='ltr'>vt</span> <span class='ocrx_word' id='word_1_191' title='bbox 1347 1429 1637 1477; x_wconf 88' lang='lat' dir='ltr'>Epistolarum</span> <span class='ocrx_word' id='word_1_192' title='bbox 1648 1429 2055 1468; x_wconf 83' lang='lat' dir='ltr'>Astronomicarum</span> 
     </span>
     <span class='ocr_line' id='line_1_24' title="bbox 406 1482 2055 1530; baseline 0.002 -11"><span class='ocrx_word' id='word_1_193' title='bbox 406 1482 625 1520; x_wconf 92' lang='lat' dir='ltr'>Volumen</span> <span class='ocrx_word' id='word_1_194' title='bbox 646 1483 838 1521; x_wconf 87' lang='lat' dir='ltr'>nostrum</span> <span class='ocrx_word' id='word_1_195' title='bbox 857 1483 1031 1530; x_wconf 90' lang='lat' dir='ltr'>plenius</span> <span class='ocrx_word' id='word_1_196' title='bbox 1051 1483 1351 1521; x_wconf 89' lang='lat' dir='ltr'>manifestabit.</span> <span class='ocrx_word' id='word_1_197' title='bbox 1374 1483 1423 1521; x_wconf 94' lang='lat' dir='ltr'>In</span> <span class='ocrx_word' id='word_1_198' title='bbox 1440 1483 1763 1522; x_wconf 89' lang='lat' dir='ltr'>Latitudinibus</span> <span class='ocrx_word' id='word_1_199' title='bbox 1779 1485 1852 1521; x_wconf 85' lang='lat' dir='ltr'>vix</span> <span class='ocrx_word' id='word_1_200' title='bbox 1868 1483 2055 1522; x_wconf 87' lang='lat' dir='ltr'>alicuius</span> 
     </span>
     <span class='ocr_line' id='line_1_25' title="bbox 405 1536 2053 1585; baseline 0.001 -12"><span class='ocrx_word' id='word_1_201' title='bbox 405 1538 615 1573; x_wconf 89' lang='lat' dir='ltr'>momenti</span> <span class='ocrx_word' id='word_1_202' title='bbox 636 1538 746 1574; x_wconf 91' lang='lat' dir='ltr'>inter</span> <span class='ocrx_word' id='word_1_203' title='bbox 767 1539 860 1574; x_wconf 91' lang='lat' dir='ltr'>eius</span> <span class='ocrx_word' id='word_1_204' title='bbox 877 1536 914 1574; x_wconf 86' lang='lat'>&amp;</span> <span class='ocrx_word' id='word_1_205' title='bbox 930 1536 1073 1575; x_wconf 90' lang='lat' dir='ltr'>nostra</span> <span class='ocrx_word' id='word_1_206' title='bbox 1089 1536 1276 1574; x_wconf 89' lang='lat' dir='ltr'>Inuenta</span> <span class='ocrx_word' id='word_1_207' title='bbox 1292 1538 1505 1584; x_wconf 89' lang='lat' dir='ltr'>reperitur</span> <span class='ocrx_word' id='word_1_208' title='bbox 1525 1536 1828 1584; x_wconf 88' lang='lat' dir='ltr'>discrepantia;</span> <span class='ocrx_word' id='word_1_209' title='bbox 1849 1536 1927 1575; x_wconf 89' lang='lat' dir='ltr'>nifi</span> <span class='ocrx_word' id='word_1_210' title='bbox 1947 1548 2053 1585; x_wconf 89' lang='lat' dir='ltr'>qua-</span> 
     </span>
     <span class='ocr_line' id='line_1_26' title="bbox 405 1589 2124 1638; baseline 0.001 -12"><span class='ocrx_word' id='word_1_211' title='bbox 405 1595 530 1626; x_wconf 90' lang='lat' dir='ltr'>tenus</span> <span class='ocrx_word' id='word_1_212' title='bbox 556 1589 859 1637; x_wconf 87' lang='lat' dir='ltr'>Longitudinis</span> <span class='ocrx_word' id='word_1_213' title='bbox 884 1592 1146 1638; x_wconf 85' lang='lat' dir='ltr'>prorogatio.</span> <span class='ocrx_word' id='word_1_214' title='bbox 1175 1589 1213 1627; x_wconf 92' lang='grc'>8(</span> <span class='ocrx_word' id='word_1_215' title='bbox 1241 1589 1562 1628; x_wconf 88' lang='lat' dir='ltr'>Declinationis</span> <span class='ocrx_word' id='word_1_216' title='bbox 1586 1601 1679 1628; x_wconf 95' lang='lat' dir='ltr'>non</span> <span class='ocrx_word' id='word_1_217' title='bbox 1703 1592 1798 1638; x_wconf 88' lang='lat' dir='ltr'>pari</span> <span class='ocrx_word' id='word_1_218' title='bbox 1823 1589 2054 1629; x_wconf 87' lang='lat' dir='ltr'>subtilitate</span> <span class='ocrx_word' id='word_1_219' title='bbox 2091 1602 2124 1628; x_wconf 83' lang='lat'>2⁵</span> 
     </span>
     <span class='ocr_line' id='line_1_27' title="bbox 405 1642 2053 1692; baseline 0.002 -13"><span class='ocrx_word' id='word_1_220' title='bbox 405 1642 632 1689; x_wconf 88' lang='lat' dir='ltr'>vtrobique</span> <span class='ocrx_word' id='word_1_221' title='bbox 649 1643 899 1690; x_wconf 79' lang='lat' dir='ltr'>conquisitae</span> <span class='ocrx_word' id='word_1_222' title='bbox 916 1643 1159 1691; x_wconf 82' lang='lat' dir='ltr'>suppositio,</span> <span class='ocrx_word' id='word_1_223' title='bbox 1176 1643 1442 1681; x_wconf 88' lang='lat' dir='ltr'>nonnullam</span> <span class='ocrx_word' id='word_1_224' title='bbox 1454 1645 1499 1681; x_wconf 94' lang='lat' dir='ltr'>in</span> <span class='ocrx_word' id='word_1_225' title='bbox 1511 1643 1580 1682; x_wconf 93' lang='lat' dir='ltr'>his</span> <span class='ocrx_word' id='word_1_226' title='bbox 1593 1643 1946 1687; x_wconf 83' lang='lat' dir='ltr'>differentiolam.</span> <span class='ocrx_word' id='word_1_227' title='bbox 1961 1643 2053 1692; x_wconf 89' lang='lat' dir='ltr'>sug-</span> 
     </span>
     <span class='ocr_line' id='line_1_28' title="bbox 405 1696 2054 1744; baseline 0.001 -11"><span class='ocrx_word' id='word_1_228' title='bbox 405 1706 550 1742; x_wconf 90' lang='lat' dir='ltr'>gerere</span> <span class='ocrx_word' id='word_1_229' title='bbox 567 1698 733 1743; x_wconf 90' lang='lat' dir='ltr'>poterit.</span> <span class='ocrx_word' id='word_1_230' title='bbox 757 1696 960 1734; x_wconf 79' lang='lat' dir='ltr'>Existimo</span> <span class='ocrx_word' id='word_1_231' title='bbox 978 1699 1121 1739; x_wconf 83' lang='lat' dir='ltr'>etiarn.</span> <span class='ocrx_word' id='word_1_232' title='bbox 1141 1697 1260 1744; x_wconf 92' lang='lat' dir='ltr'>quod</span> <span class='ocrx_word' id='word_1_233' title='bbox 1277 1696 1572 1735; x_wconf 69' lang='lat' dir='ltr'>Refractiones</span> <span class='ocrx_word' id='word_1_234' title='bbox 1588 1699 1634 1735; x_wconf 90' lang='lat' dir='ltr'>in</span> <span class='ocrx_word' id='word_1_235' title='bbox 1650 1696 1794 1736; x_wconf 86' lang='lat' dir='ltr'>Stellis</span> <span class='ocrx_word' id='word_1_236' title='bbox 1809 1697 2054 1736; x_wconf 90' lang='lat' dir='ltr'>decliuiori-</span> 
     </span>
     <span class='ocr_line' id='line_1_29' title="bbox 405 1748 2054 1798; baseline 0.002 -13"><span class='ocrx_word' id='word_1_237' title='bbox 405 1748 484 1786; x_wconf 91' lang='lat' dir='ltr'>bus</span> <span class='ocrx_word' id='word_1_238' title='bbox 501 1760 591 1786; x_wconf 89' lang='lat' dir='ltr'>non</span> <span class='ocrx_word' id='word_1_239' title='bbox 608 1752 882 1796; x_wconf 85' lang='lat' dir='ltr'>praecauerit;</span> <span class='ocrx_word' id='word_1_240' title='bbox 904 1757 1035 1797; x_wconf 92' lang='lat' dir='ltr'>atque</span> <span class='ocrx_word' id='word_1_241' title='bbox 1056 1750 1157 1788; x_wconf 92' lang='lat' dir='ltr'>inde</span> <span class='ocrx_word' id='word_1_242' title='bbox 1177 1762 1268 1788; x_wconf 93' lang='lat' dir='ltr'>non</span> <span class='ocrx_word' id='word_1_243' title='bbox 1284 1750 1423 1788; x_wconf 90' lang='lat' dir='ltr'>solum</span> <span class='ocrx_word' id='word_1_244' title='bbox 1441 1750 1793 1798; x_wconf 89' lang='lat' dir='ltr'>Longitudinem,</span> <span class='ocrx_word' id='word_1_245' title='bbox 1813 1749 1884 1789; x_wconf 88' lang='lat' dir='ltr'>sed</span> <span class='ocrx_word' id='word_1_246' title='bbox 1905 1749 1943 1788; x_wconf 83' lang='grc'>8(</span> <span class='ocrx_word' id='word_1_247' title='bbox 1964 1752 2054 1789; x_wconf 89' lang='lat' dir='ltr'>eui·</span> 
     </span>
     <span class='ocr_line' id='line_1_30' title="bbox 405 1801 2054 1852; baseline 0.002 -14"><span class='ocrx_word' id='word_1_248' title='bbox 405 1801 575 1839; x_wconf 89' lang='lat' dir='ltr'>dentius</span> <span class='ocrx_word' id='word_1_249' title='bbox 589 1803 882 1841; x_wconf 89' lang='lat' dir='ltr'>Latitudinem</span> <span class='ocrx_word' id='word_1_250' title='bbox 895 1804 1148 1846; x_wconf 79' lang='lat' dir='ltr'>earundem.</span> <span class='ocrx_word' id='word_1_251' title='bbox 1162 1806 1207 1841; x_wconf 90' lang='lat' dir='ltr'>in</span> <span class='ocrx_word' id='word_1_252' title='bbox 1219 1804 1350 1842; x_wconf 88' lang='lat' dir='ltr'>deuia</span> <span class='ocrx_word' id='word_1_253' title='bbox 1362 1815 1521 1851; x_wconf 86' lang='lat' dir='ltr'>parum</span> <span class='ocrx_word' id='word_1_254' title='bbox 1531 1803 1793 1852; x_wconf 89' lang='lat' dir='ltr'>protruserit.</span> <span class='ocrx_word' id='word_1_255' title='bbox 1806 1803 1939 1851; x_wconf 91' lang='lat' dir='ltr'>Quod</span> <span class='ocrx_word' id='word_1_256' title='bbox 1948 1815 2054 1842; x_wconf 89' lang='lat' dir='ltr'>vero</span> 
     </span>
     <span class='ocr_line' id='line_1_31' title="bbox 405 1855 2124 1905; baseline 0.003 -14"><span class='ocrx_word' id='word_1_257' title='bbox 405 1857 448 1891; x_wconf 91' lang='lat' dir='ltr'>in</span> <span class='ocrx_word' id='word_1_258' title='bbox 463 1855 824 1903; x_wconf 86' lang='lat' dir='ltr'>Longitudinibus</span> <span class='ocrx_word' id='word_1_259' title='bbox 841 1868 917 1904; x_wconf 91' lang='lat' dir='ltr'>per</span> <span class='ocrx_word' id='word_1_260' title='bbox 928 1859 1104 1895; x_wconf 88' lang='lat' dir='ltr'>vnciam</span> <span class='ocrx_word' id='word_1_261' title='bbox 1119 1859 1319 1904; x_wconf 86' lang='lat' dir='ltr'>proxime</span> <span class='ocrx_word' id='word_1_262' title='bbox 1331 1859 1461 1895; x_wconf 90' lang='lat' dir='ltr'>vnius</span> <span class='ocrx_word' id='word_1_263' title='bbox 1474 1857 1665 1900; x_wconf 83' lang='lat' dir='ltr'>Gradus.</span> <span class='ocrx_word' id='word_1_264' title='bbox 1683 1869 1772 1905; x_wconf 91' lang='lat' dir='ltr'>qua</span> <span class='ocrx_word' id='word_1_265' title='bbox 1788 1859 1824 1895; x_wconf 91' lang='lat' dir='ltr'>is</span> <span class='ocrx_word' id='word_1_266' title='bbox 1840 1857 1938 1896; x_wconf 88' lang='lat' dir='ltr'>loca</span> <span class='ocrx_word' id='word_1_267' title='bbox 1948 1856 2054 1896; x_wconf 85' lang='lat' dir='ltr'>Stel·</span> <span class='ocrx_word' id='word_1_268' title='bbox 2091 1869 2124 1895; x_wconf 79' lang='lat'>³0</span> 
     </span>
     <span class='ocr_line' id='line_1_32' title="bbox 405 1908 2054 1958; baseline 0.003 -14"><span class='ocrx_word' id='word_1_269' title='bbox 405 1908 546 1945; x_wconf 90' lang='lat' dir='ltr'>larum</span> <span class='ocrx_word' id='word_1_270' title='bbox 570 1911 614 1946; x_wconf 91' lang='lat' dir='ltr'>in</span> <span class='ocrx_word' id='word_1_271' title='bbox 639 1909 946 1957; x_wconf 89' lang='lat' dir='ltr'>consequentia</span> <span class='ocrx_word' id='word_1_272' title='bbox 969 1911 1174 1948; x_wconf 91' lang='lat' dir='ltr'>nonnihil</span> <span class='ocrx_word' id='word_1_273' title='bbox 1197 1910 1423 1958; x_wconf 85' lang='lat' dir='ltr'>protrahit.</span> <span class='ocrx_word' id='word_1_274' title='bbox 1450 1910 1718 1954; x_wconf 81' lang='lat' dir='ltr'>differamus,</span> <span class='ocrx_word' id='word_1_275' title='bbox 1744 1911 1846 1949; x_wconf 93' lang='lat' dir='ltr'>inde</span> <span class='ocrx_word' id='word_1_276' title='bbox 1869 1911 2054 1949; x_wconf 90' lang='lat' dir='ltr'>euenisse</span> 
     </span>
     <span class='ocr_line' id='line_1_33' title="bbox 405 1964 2054 2012; baseline 0.002 -14"><span class='ocrx_word' id='word_1_277' title='bbox 405 1968 603 2004; x_wconf 81' lang='lat' dir='ltr'>autumo:</span> <span class='ocrx_word' id='word_1_278' title='bbox 621 1965 834 2009; x_wconf 91' lang='lat' dir='ltr'>quoniam</span> <span class='ocrx_word' id='word_1_279' title='bbox 850 1975 926 2010; x_wconf 94' lang='lat' dir='ltr'>per</span> <span class='ocrx_word' id='word_1_280' title='bbox 942 1964 1193 2002; x_wconf 86' lang='lat' dir='ltr'>altitudines</span> <span class='ocrx_word' id='word_1_281' title='bbox 1209 1970 1341 2011; x_wconf 91' lang='lat' dir='ltr'>atque</span> <span class='ocrx_word' id='word_1_282' title='bbox 1353 1964 1608 2007; x_wconf 82' lang='lat' dir='ltr'>Azimutha.</span> <span class='ocrx_word' id='word_1_283' title='bbox 1624 1975 1713 2002; x_wconf 90' lang='lat' dir='ltr'>vna</span> <span class='ocrx_word' id='word_1_284' title='bbox 1729 1976 1829 2002; x_wconf 91' lang='lat' dir='ltr'>cum</span> <span class='ocrx_word' id='word_1_285' title='bbox 1845 1966 2054 2012; x_wconf 88' lang='lat' dir='ltr'>temporis</span> 
     </span>
     <span class='ocr_line' id='line_1_34' title="bbox 404 2016 2053 2065; baseline 0.003 -14"><span class='ocrx_word' id='word_1_286' title='bbox 404 2022 639 2058; x_wconf 79' lang='lat' dir='ltr'>momento.</span> <span class='ocrx_word' id='word_1_287' title='bbox 663 2016 869 2054; x_wconf 87' lang='lat' dir='ltr'>Fixarum</span> <span class='ocrx_word' id='word_1_288' title='bbox 892 2017 1247 2055; x_wconf 89' lang='lat' dir='ltr'>emendationem</span> <span class='ocrx_word' id='word_1_289' title='bbox 1268 2018 1479 2065; x_wconf 88' lang='lat' dir='ltr'>aggressus</span> <span class='ocrx_word' id='word_1_290' title='bbox 1500 2017 1558 2056; x_wconf 87' lang='lat' dir='ltr'>[it.</span> <span class='ocrx_word' id='word_1_291' title='bbox 1581 2017 1695 2064; x_wconf 83' lang='lat' dir='ltr'>Quae</span> <span class='ocrx_word' id='word_1_292' title='bbox 1714 2019 1826 2056; x_wconf 89' lang='lat' dir='ltr'>ratio</span> <span class='ocrx_word' id='word_1_293' title='bbox 1842 2019 1974 2056; x_wconf 89' lang='lat' dir='ltr'>nimis</span> <span class='ocrx_word' id='word_1_294' title='bbox 1989 2017 2053 2056; x_wconf 91' lang='lat' dir='ltr'>lu-</span> 
     </span>
     <span class='ocr_line' id='line_1_35' title="bbox 404 2067 2054 2119; baseline 0.004 -15"><span class='ocrx_word' id='word_1_295' title='bbox 404 2067 520 2105; x_wconf 85' lang='lat' dir='ltr'>brica</span> <span class='ocrx_word' id='word_1_296' title='bbox 542 2068 608 2109; x_wconf 80' lang='lat' dir='ltr'>est.</span> <span class='ocrx_word' id='word_1_297' title='bbox 631 2069 668 2106; x_wconf 91' lang='grc'>8(</span> <span class='ocrx_word' id='word_1_298' title='bbox 689 2072 820 2117; x_wconf 91' lang='lat' dir='ltr'>varijs</span> <span class='ocrx_word' id='word_1_299' title='bbox 841 2070 892 2107; x_wconf 92' lang='lat' dir='ltr'>de</span> <span class='ocrx_word' id='word_1_300' title='bbox 915 2072 1062 2108; x_wconf 87' lang='lat' dir='ltr'>caussis</span> <span class='ocrx_word' id='word_1_301' title='bbox 1083 2071 1420 2109; x_wconf 90' lang='lat' dir='ltr'>hallucinationi</span> <span class='ocrx_word' id='word_1_302' title='bbox 1441 2071 1651 2110; x_wconf 83' lang='lat' dir='ltr'>obnoxia:</span> <span class='ocrx_word' id='word_1_303' title='bbox 1676 2071 2054 2119; x_wconf 88' lang='lat' dir='ltr'>quemadmodum</span> 
     </span>
     <span class='ocr_line' id='line_1_36' title="bbox 404 2122 2123 2172; baseline 0.003 -15"><span class='ocrx_word' id='word_1_304' title='bbox 404 2122 515 2158; x_wconf 90' lang='lat' dir='ltr'>circa</span> <span class='ocrx_word' id='word_1_305' title='bbox 525 2123 697 2159; x_wconf 89' lang='lat' dir='ltr'>initium</span> <span class='ocrx_word' id='word_1_306' title='bbox 710 2123 875 2170; x_wconf 91' lang='lat' dir='ltr'>Capitis</span> <span class='ocrx_word' id='word_1_307' title='bbox 886 2123 1059 2161; x_wconf 89' lang='lat' dir='ltr'>secundi</span> <span class='ocrx_word' id='word_1_308' title='bbox 1071 2136 1096 2162; x_wconf 91' lang='lat' dir='ltr'>a</span> <span class='ocrx_word' id='word_1_309' title='bbox 1106 2125 1232 2162; x_wconf 92' lang='lat' dir='ltr'>nobis</span> <span class='ocrx_word' id='word_1_310' title='bbox 1243 2125 1483 2162; x_wconf 89' lang='lat' dir='ltr'>indicatum</span> <span class='ocrx_word' id='word_1_311' title='bbox 1493 2124 1560 2162; x_wconf 87' lang='lat' dir='ltr'>est.</span> <span class='ocrx_word' id='word_1_312' title='bbox 1573 2124 1627 2162; x_wconf 91' lang='lat' dir='ltr'>Vt</span> <span class='ocrx_word' id='word_1_313' title='bbox 1637 2124 1745 2163; x_wconf 92' lang='lat' dir='ltr'>obid</span> <span class='ocrx_word' id='word_1_314' title='bbox 1754 2127 1887 2163; x_wconf 90' lang='lat' dir='ltr'>mirer</span> <span class='ocrx_word' id='word_1_315' title='bbox 1895 2126 2052 2172; x_wconf 89' lang='lat' dir='ltr'>potius.</span> <span class='ocrx_word' id='word_1_316' title='bbox 2090 2136 2123 2162; x_wconf 76' lang='lat'>35</span> 
     </span>
     <span class='ocr_line' id='line_1_37' title="bbox 406 2174 2053 2226; baseline 0.004 -16"><span class='ocrx_word' id='word_1_317' title='bbox 406 2174 541 2220; x_wconf 90' lang='lat' dir='ltr'>ipsum</span> <span class='ocrx_word' id='word_1_318' title='bbox 552 2176 606 2212; x_wconf 92' lang='lat' dir='ltr'>ad</span> <span class='ocrx_word' id='word_1_319' title='bbox 617 2181 781 2213; x_wconf 89' lang='lat' dir='ltr'>tantam</span> <span class='ocrx_word' id='word_1_320' title='bbox 793 2177 1091 2223; x_wconf 67' lang='lat' dir='ltr'>praecisionem</span> <span class='ocrx_word' id='word_1_321' title='bbox 1101 2177 1183 2215; x_wconf 93' lang='lat' dir='ltr'>hac</span> <span class='ocrx_word' id='word_1_322' title='bbox 1193 2180 1340 2215; x_wconf 90' lang='lat' dir='ltr'>minus</span> <span class='ocrx_word' id='word_1_323' title='bbox 1350 2184 1441 2216; x_wconf 86' lang='lat' dir='ltr'>tuta</span> <span class='ocrx_word' id='word_1_324' title='bbox 1451 2177 1712 2216; x_wconf 88' lang='lat' dir='ltr'>obseruandi</span> <span class='ocrx_word' id='word_1_325' title='bbox 1722 2180 1891 2217; x_wconf 87' lang='lat' dir='ltr'>ratione</span> <span class='ocrx_word' id='word_1_326' title='bbox 1901 2189 2053 2226; x_wconf 89' lang='lat' dir='ltr'>perue-</span> 
     </span>
     <span class='ocr_line' id='line_1_38' title="bbox 405 2228 2053 2279; baseline 0.004 -16"><span class='ocrx_word' id='word_1_327' title='bbox 405 2228 513 2268; x_wconf 84' lang='lat' dir='ltr'>nisse.</span> <span class='ocrx_word' id='word_1_328' title='bbox 537 2240 669 2273; x_wconf 90' lang='lat' dir='ltr'>quam</span> <span class='ocrx_word' id='word_1_329' title='bbox 692 2230 808 2275; x_wconf 90' lang='lat' dir='ltr'>quod</span> <span class='ocrx_word' id='word_1_330' title='bbox 830 2231 1019 2276; x_wconf 90' lang='lat' dir='ltr'>paucula</span> <span class='ocrx_word' id='word_1_331' title='bbox 1041 2230 1111 2268; x_wconf 85' lang='lat' dir='ltr'>hic</span> <span class='ocrx_word' id='word_1_332' title='bbox 1133 2230 1427 2269; x_wconf 83' lang='lat' dir='ltr'>desiderentur</span> <span class='ocrx_word' id='word_1_333' title='bbox 1447 2231 1660 2279; x_wconf 90' lang='lat' dir='ltr'>scrupula.</span> <span class='ocrx_word' id='word_1_334' title='bbox 1683 2231 1733 2269; x_wconf 89' lang='lat' dir='ltr'>Et</span> <span class='ocrx_word' id='word_1_335' title='bbox 1754 2231 1851 2270; x_wconf 89' lang='lat' dir='ltr'>licet</span> <span class='ocrx_word' id='word_1_336' title='bbox 1870 2231 2053 2279; x_wconf 80' lang='lat' dir='ltr'>postmo-</span> 
     </span>
     <span class='ocr_line' id='line_1_39' title="bbox 404 2280 2054 2328; baseline 0.005 -12"><span class='ocrx_word' id='word_1_337' title='bbox 404 2280 507 2316; x_wconf 89' lang='lat' dir='ltr'>dum</span> <span class='ocrx_word' id='word_1_338' title='bbox 521 2292 542 2317; x_wconf 91' lang='lat' dir='ltr'>e</span> <span class='ocrx_word' id='word_1_339' title='bbox 556 2280 654 2318; x_wconf 90' lang='lat' dir='ltr'>Sole</span> <span class='ocrx_word' id='word_1_340' title='bbox 667 2294 741 2328; x_wconf 84' lang='lat' dir='ltr'>per</span> <span class='ocrx_word' id='word_1_341' title='bbox 750 2283 932 2320; x_wconf 90' lang='lat' dir='ltr'>Veneris</span> <span class='ocrx_word' id='word_1_342' title='bbox 942 2283 1133 2325; x_wconf 79' lang='lat' dir='ltr'>Stellam.</span> <span class='ocrx_word' id='word_1_343' title='bbox 1147 2283 1397 2322; x_wconf 80' lang='lat' dir='ltr'>Affixarum</span> <span class='ocrx_word' id='word_1_344' title='bbox 1409 2287 1632 2327; x_wconf 83' lang='lat' dir='ltr'>terminos.</span> <span class='ocrx_word' id='word_1_345' title='bbox 1645 2284 2054 2324; x_wconf 87' lang='lat' dir='ltr'>intermediantibus</span> 
     </span>
     <span class='ocr_line' id='line_1_40' title="bbox 404 2333 2052 2386; baseline 0.005 -18"><span class='ocrx_word' id='word_1_346' title='bbox 404 2333 638 2370; x_wconf 79' lang='lat' dir='ltr'>obseruatis</span> <span class='ocrx_word' id='word_1_347' title='bbox 652 2335 869 2383; x_wconf 73' lang='lat' dir='ltr'>distantijs,</span> <span class='ocrx_word' id='word_1_348' title='bbox 883 2336 1114 2383; x_wconf 79' lang='lat' dir='ltr'>praefinire,</span> <span class='ocrx_word' id='word_1_349' title='bbox 1128 2338 1260 2375; x_wconf 91' lang='lat' dir='ltr'>modo</span> <span class='ocrx_word' id='word_1_350' title='bbox 1272 2338 1397 2375; x_wconf 90' lang='lat' dir='ltr'>nobis</span> <span class='ocrx_word' id='word_1_351' title='bbox 1407 2338 1570 2380; x_wconf 82' lang='lat' dir='ltr'>vsitato.</span> <span class='ocrx_word' id='word_1_352' title='bbox 1584 2338 1774 2386; x_wconf 90' lang='lat' dir='ltr'>hincque</span> <span class='ocrx_word' id='word_1_353' title='bbox 1786 2338 2052 2382; x_wconf 84' lang='lat' dir='ltr'>admonitus.</span> 
     </span>
     <span class='ocr_line' id='line_1_41' title="bbox 404 2388 2123 2440; baseline 0.003 -18"><span class='ocrx_word' id='word_1_354' title='bbox 404 2397 491 2422; x_wconf 89' lang='lat' dir='ltr'>non</span> <span class='ocrx_word' id='word_1_355' title='bbox 510 2388 795 2425; x_wconf 85' lang='lat' dir='ltr'>intermiserit:</span> <span class='ocrx_word' id='word_1_356' title='bbox 814 2389 982 2426; x_wconf 88' lang='lat' dir='ltr'>Tamen</span> <span class='ocrx_word' id='word_1_357' title='bbox 1001 2402 1054 2427; x_wconf 92' lang='lat' dir='ltr'>ne</span> <span class='ocrx_word' id='word_1_358' title='bbox 1073 2390 1124 2428; x_wconf 88' lang='lat' dir='ltr'>[ic</span> <span class='ocrx_word' id='word_1_359' title='bbox 1141 2391 1332 2438; x_wconf 78' lang='lat' dir='ltr'>quidem.</span> <span class='ocrx_word' id='word_1_360' title='bbox 1350 2391 1389 2429; x_wconf 88' lang='lat' dir='ltr'>se</span> <span class='ocrx_word' id='word_1_361' title='bbox 1406 2392 1607 2439; x_wconf 90' lang='lat' dir='ltr'>pauculis</span> <span class='ocrx_word' id='word_1_362' title='bbox 1621 2391 1704 2429; x_wconf 82' lang='lat' dir='ltr'>istis</span> <span class='ocrx_word' id='word_1_363' title='bbox 1715 2391 1938 2440; x_wconf 82' lang='lat' dir='ltr'>scrupulis,</span> <span class='ocrx_word' id='word_1_364' title='bbox 1954 2391 2053 2430; x_wconf 80' lang='lat' dir='ltr'>loca</span> <span class='ocrx_word' id='word_1_365' title='bbox 2089 2402 2123 2428; x_wconf 75' lang='grc' dir='ltr'>4ο</span> 
     </span>
     <span class='ocr_line' id='line_1_42' title="bbox 403 2441 2052 2493; baseline 0.005 -18"><span class='ocrx_word' id='word_1_366' title='bbox 403 2450 553 2476; x_wconf 88' lang='lat' dir='ltr'>earum</span> <span class='ocrx_word' id='word_1_367' title='bbox 580 2441 684 2477; x_wconf 82' lang='lat' dir='ltr'>iusto</span> <span class='ocrx_word' id='word_1_368' title='bbox 709 2441 879 2488; x_wconf 85' lang='lat' dir='ltr'>longius</span> <span class='ocrx_word' id='word_1_369' title='bbox 904 2443 1155 2489; x_wconf 83' lang='lat' dir='ltr'>produxisse.</span> <span class='ocrx_word' id='word_1_370' title='bbox 1180 2445 1533 2483; x_wconf 88' lang='lat' dir='ltr'>animaduertere</span> <span class='ocrx_word' id='word_1_371' title='bbox 1557 2447 1708 2493; x_wconf 91' lang='lat' dir='ltr'>potuit.</span> <span class='ocrx_word' id='word_1_372' title='bbox 1734 2445 1813 2484; x_wconf 89' lang='lat' dir='ltr'>Per</span> <span class='ocrx_word' id='word_1_373' title='bbox 1833 2445 2052 2484; x_wconf 88' lang='lat' dir='ltr'>Venerem</span> 
     </span>
     <span class='ocr_line' id='line_1_43' title="bbox 403 2492 2051 2545; baseline 0.006 -17"><span class='ocrx_word' id='word_1_374' title='bbox 403 2494 519 2529; x_wconf 89' lang='lat' dir='ltr'>enim</span> <span class='ocrx_word' id='word_1_375' title='bbox 542 2492 814 2532; x_wconf 87' lang='lat' dir='ltr'>solummodo</span> <span class='ocrx_word' id='word_1_376' title='bbox 837 2496 1121 2542; x_wconf 87' lang='lat' dir='ltr'>vespertinam</span> <span class='ocrx_word' id='word_1_377' title='bbox 1145 2498 1186 2534; x_wconf 91' lang='lat' dir='ltr'>id</span> <span class='ocrx_word' id='word_1_378' title='bbox 1209 2509 1548 2545; x_wconf 88' lang='lat' dir='ltr'>nonnunquam,</span> <span class='ocrx_word' id='word_1_379' title='bbox 1573 2510 1653 2537; x_wconf 90' lang='lat' dir='ltr'>nec</span> <span class='ocrx_word' id='word_1_380' title='bbox 1674 2498 1772 2537; x_wconf 88' lang='lat' dir='ltr'>satis</span> <span class='ocrx_word' id='word_1_381' title='bbox 1793 2498 1957 2543; x_wconf 84' lang='lat' dir='ltr'>crebro.</span> <span class='ocrx_word' id='word_1_382' title='bbox 1980 2509 2051 2537; x_wconf 83' lang='lat' dir='ltr'>ex·</span> 
     </span>
    </p>

    <p class='ocr_par' dir='ltr' id='par_1_5' title="bbox 1919 2563 2051 2601">
     <span class='ocr_line' id='line_1_44' title="bbox 1919 2563 2051 2601; baseline 0 -11"><span class='ocrx_word' id='word_1_383' title='bbox 1919 2563 2051 2601; x_wconf 78' lang='lat' dir='ltr'>periri</span> 
     </span>
    </p>
   </div>
  </div>
 </body>
</html>
