2164 3246
368 211 1026 254 PROGYMNASMATUM
1049 216 1251 253 PRIMA
1274 217 1423 254 PARS
1655 217 1721 254 l65

77 325 206 368 atque
222 319 276 357 fic
291 319 453 367 patebit
464 318 666 358 Ascenfio
679 320 809 360 Redta
821 322 998 360 Lucidae
1015 322 1141 370 supra
1154 323 1298 370 Caput
1310 329 1370 365 V.
1383 323 1424 360 Ρ.
1438 323 1499 361 26.
1515 321 1538 370 l.
1552 323 1587 360 O.
1603 322 1645 370 ll.
1658 324 1720 365 44.

77 385 212 422 quam
227 384 318 421 prae
335 374 502 411 caeteris
517 374 775 422 inuestigare
792 376 1079 413 decreuimus.

205 515 474 554 EIUSDEM
497 515 575 553 EX
596 516 716 554 DIEI
738 517 790 555 20
811 455 1020 563 MJIXIPTIJ
1044 517 1599 556 OBSERUATIONIBUS

26 593 42 619 5
732 579 1073 626 INQUISITIO.

164 640 341 680 ODEM
358 640 493 678 Anno
509 640 572 684 82,
590 640 675 678 Die
692 641 743 679 20
760 642 924 690 Martij.
942 642 1052 679 Hor.
1068 642 1103 679 2.
1123 642 1184 679 M.
1198 642 1259 679 25.
1278 642 1320 679 P.
1334 642 1396 679 M.
1415 642 1723 679 obseruabatur

181 694 338 733 eodem
358 693 505 738 modo,
527 705 616 741 quo
637 700 780 738 antea,
803 695 1001 733 Remotio
1023 697 1133 732 inter
1155 695 1332 733 Stellam
1353 695 1548 737 Veneris,
1570 695 1607 732 &
1628 707 1723 732 cen-

78 755 193 788 trum
203 747 317 786 Solis
328 747 371 785 P.
383 747 446 785 43.
461 745 486 795 l.
499 747 551 785 50
567 746 729 792 εΧειὸἶε,
745 750 791 786 in
803 748 1045 786 Altitudine
1058 748 1170 786 Solis
1182 748 1224 786 P.
1237 748 1290 790 31.
1308 748 1564 786 sublimitate
1577 760 1680 785 vero
1696 752 1721 790 Q

79 803 122 842 P.
137 802 200 841 57.
222 801 352 840 Circa
367 806 540 848 tempus
556 801 674 839 idem
690 801 852 840 dabant
870 802 1208 840 obseruationes
1226 802 1579 839 Declinationern
1598 806 1623 844 Q
1645 802 1724 839 Bo-

15 867 45 894 ιο
79 867 200 895 ream
210 855 254 893 P.
266 854 329 893 23.
344 852 369 902 l.
381 854 418 892 2.
436 854 538 893 Erat
554 854 729 902 insuper
741 867 793 893 ex
808 857 995 903 proprijs
1006 855 1187 893 Tabulis
1200 855 1444 902 Longitudo
1461 857 1503 899 Q]
1519 866 1621 892 vera
1635 855 1676 892 P.
1689 856 1724 892 9.

81 908 107 959 Ι.
123 908 185 948 33.
203 906 247 957 ΙΙ.
264 908 306 946 19
324 913 384 948 V.
406 907 649 946 Parallaxis
665 908 921 946 Altitudinis
943 908 968 956 l.
985 909 1021 947 2.
1043 907 1085 956 ll.
1103 908 1165 946 34.
1188 908 1489 956 Longitudinis
1511 907 1535 955 l.
1555 909 1579 945 l.
1604 907 1645 954 ll.
1663 909 1724 946 47.

80 961 339 1002 Latitudinis
361 959 430 1009 Ι.1.
449 959 493 1010 ll.
510 961 573 1000 50.
595 961 707 1000 Visae
728 964 876 1010 itaque
897 962 1178 1010 Longitudini
1203 964 1245 1006 (D
1270 962 1312 998 P.
1330 962 1365 999 9.
1390 961 1414 1008 l.
1431 962 1484 999 31.
1508 960 1550 1008 ll.
1567 962 1630 1003 32.
1652 973 1726 1008 per

80 1013 414 1055 subtradtionem
434 1014 718 1053 Parallaxeos
738 1027 765 1053 a
785 1027 891 1054 vera
911 1018 1107 1064 cognitae.
1130 1015 1356 1062 respondet
1377 1015 1577 1052 Ascenfio
1600 1013 1727 1052 Rec‘ta

80 1069 169 1108 visa
187 1069 230 1107 P.
247 1068 283 1107 8.
301 1066 327 1117 l.
344 1068 407 1107 46.
426 1066 469 1116 ll.
486 1069 550 1113 55,
572 1068 610 1106 &
631 1068 882 1107 Declinatio
898 1069 987 1107 visa
1004 1070 1045 1107 P.
1061 1069 1096 1107 3.
1116 1068 1140 1116 l.
1158 1070 1220 1106 45.
1240 1067 1282 1115 ll.
1299 1068 1349 1106 34
1372 1069 1524 1106 Borea.
1548 1068 1631 1105 His
1652 1068 1726 1105 ha-

17 1135 47 1162 15
81 1123 190 1168 bitis,
206 1122 335 1161 datur
350 1121 597 1160 differentia
612 1122 932 1161 Ascenfionalis
948 1125 1059 1160 inter
1079 1125 1122 1167 Θ
1143 1122 1180 1160 8(
1200 1125 1225 1164 Q
1245 1124 1289 1159 in
1307 1122 1424 1159 hunc
1441 1122 1634 1159 modum.

134 1176 196 1215 Sit
205 1176 246 1214 A
257 1175 390 1214 Polus
400 1175 669 1223 AEquatoris,
686 1176 720 1214 B
736 1178 796 1221 (D,
814 1176 851 1215 C
866 1180 910 1220 Q,
927 1179 972 1214 in
985 1176 1225 1223 Triangulo
1467 1196 1512 1242 Α

82 1229 222 1274 BAC,
244 1241 345 1267 cum
365 1234 471 1267 nota
490 1229 569 1267 [int
589 1232 742 1268 omnia
760 1230 929 1274 Latera,
951 1242 1055 1268 nam
1073 1230 1154 1267 BA
1171 1229 1225 1266 est

83 1284 126 1322 P.
145 1283 208 1323 86.
231 1281 257 1332 Ι.
273 1283 328 1321 14.
350 1280 394 1331 ll.
411 1282 474 1327 26,
497 1282 886 1331 Complementum
907 1284 1226 1321 Declinationis

87 1336 252 1383 Ovisae.
270 1336 364 1381 CA,
378 1336 421 1374 P.
431 1336 494 1375 66.
507 1335 532 1385 l.
542 1337 606 1381 58,
622 1336 1012 1385 Complementum
1022 1337 1225 1374 Declina-

16 1402 49 1428 κο
83 1392 212 1430 tionis
231 1393 258 1434 Ω
276 1389 531 1434 obseruatae,
549 1390 745 1429 BCvero
762 1391 805 1429 P.
817 1391 880 1429 43.
895 1389 920 1438 l.
933 1391 996 1433 50.
1014 1390 1227 1428 Distantia

83 1446 194 1483 inter
207 1445 251 1489 Θ
266 1443 305 1482 &
323 1447 350 1487 Ω
368 1455 446 1491 per
458 1443 824 1482 Obseruationem
837 1444 1120 1482 manifestata.
1138 1443 1226 1481 Da-

84 1503 152 1536 tur
167 1509 268 1546 ergo
283 1499 406 1536 iuxta
416 1496 717 1546 Triangularis
729 1498 1046 1546 supputationis
1058 1508 1226 1545 proces-

84 1551 189 1596 sum,
203 1550 407 1599 Angulus
424 1551 564 1596 CAB,
581 1551 624 1589 P.
640 1552 704 1589 40.
719 1550 744 1599 l.
756 1552 819 1590 44.
834 1550 876 1600 ll.
889 1552 952 1595 49,
970 1553 1045 1598 qui
1062 1552 1228 1588 Areum

85 1604 175 1644 Soli
185 1604 224 1643 &
234 1604 396 1643 Veneri
408 1606 454 1642 in
465 1604 709 1652 AEquatore
724 1607 1012 1653 interceptum
1026 1604 1226 1651 designat.
1272 1610 1314 1653 C

18 1669 50 1696 2⁵
85 1658 284 1697 Addatur
294 1657 391 1696 haec
402 1657 648 1697 differentia
659 1659 990 1701 Ascenfionalis.
1004 1658 1058 1696 ad
1071 1657 1227 1695 Ascen-

85 1711 249 1750 fionem
271 1710 448 1750 Reetam
471 1711 584 1751 Solis
603 1712 740 1750 visam
762 1719 894 1751 antea
916 1712 1227 1759 inuestigatam.
1483 1688 1540 1702 Χ
1679 1688 1713 1732 Β

86 1765 241 1804 euadet
258 1765 462 1804 Ascenfio
483 1764 613 1804 Reda
629 1766 812 1804 Veneris
833 1766 876 1804 Ρ.
893 1766 956 1804 49.
981 1764 1005 1813 l.
1026 1765 1078 1803 31.
1103 1763 1145 1812 ll.
1165 1765 1227 1801 44.

86 1818 325 1858 Parallaxis
345 1824 494 1857 autem
516 1831 593 1867 per
614 1831 761 1867 quam,
786 1820 900 1858 hanc
922 1818 1229 1857 Ascenfionem
1250 1836 1295 1877 D
1691 1834 1724 1874 E

87 1872 311 1911 emendari
326 1878 508 1920 oportet,
524 1872 578 1911 fic
593 1873 908 1921 inquirebatur.

20 1936 53 1963 ³⁰
139 1925 352 1965 Distantia
366 1929 393 1970 9
407 1938 434 1965 a
447 1926 584 1965 Terra
597 1927 674 1965 623
690 1927 1042 1965 Semidiametro-
1366 1926 1424 1964 Α
1500 1938 1540 1987 B

88 1991 186 2018 rum
213 1979 374 2025 Terrae,
408 1980 523 2018 vnde
557 1980 807 2018 sublimitati
841 1986 948 2028 part.
979 1980 1041 2021 57.

87 2031 215 2081 supra
238 2033 546 2078 Horizontem.
572 2036 777 2081 competit
802 2033 1043 2072 Parallaxis

88 2088 192 2125 min.
208 2086 244 2125 3.
261 2086 338 2125 sec.
353 2087 389 2125 Ο.
407 2087 689 2135 Quapropter
705 2090 750 2125 in
767 2089 969 2135 proxima
985 2087 1042 2124 se·
1090 2092 1121 2136 F

89 2145 247 2188 quente
268 2140 548 2189 Figuratione
567 2141 701 2179 Latus
722 2141 817 2184 BA.
840 2140 894 2178 est
915 2143 1042 2178 inter—

21 2203 54 2230 35
89 2193 253 2242 capedo
273 2194 483 2232 Polorum
501 2194 761 2232 Horizontis
778 2194 815 2232 &
832 2194 1043 2241 AEquato-
1057 2201 1097 2251 G

89 2248 146 2285 ris
162 2246 204 2285 P.
220 2247 283 2286 34.
302 2245 328 2295 l.
344 2248 404 2291 5⁷¹1,
426 2247 507 2286 CA
529 2248 919 2295 Complementum
936 2247 1042 2284 Alti-

89 2300 250 2339 tudinis
269 2301 453 2339 Veneris
473 2301 516 2339 P.
536 2301 598 2339 33.
622 2300 647 2349 l.
670 2302 706 2345 Ο,
734 2302 866 2339 Latus
889 2301 967 2339 BC
989 2300 1043 2338 est

89 2352 132 2391 P.
152 2353 215 2392 66.
237 2352 263 2402 l.
284 2354 348 2399 58,
370 2353 761 2402 Complementum
779 2355 880 2392 visae
900 2354 1042 2392 Decli-

89 2408 278 2446 nationis
297 2411 340 2451 Q.
358 2407 422 2446 Ex
437 2408 574 2446 tribus
590 2410 738 2455 itaque
755 2409 865 2446 datis
883 2408 1042 2446 Lateri-

23 2469 56 2496 4ο
89 2459 182 2505 bus,
201 2472 293 2500 non
313 2461 416 2500 latet
436 2461 639 2509 Angulus
661 2461 800 2505 BCA,
823 2462 865 2499 Ρ.
883 2462 918 2499 4.
938 2460 962 2507 l.
980 2461 1042 2498 49.

90 2511 353 2563 Triangulus
373 2514 504 2553 DCE
526 2513 817 2562 Refiangulus
838 2526 891 2552 ex
913 2513 1044 2552 dudtu
1253 2509 1515 2544 &Af

1391 2561 1735 2611 perpendiculari
