2326 3277
461 259 502 297 10
833 251 1287 292 ASTRONOMIAE
1308 249 1730 290 INSTAURATAE

459 364 556 410 puri
573 359 745 404 mulcta,
762 361 886 406 cujus
901 358 1070 396 femissis
1087 358 1265 405 quidem
1280 356 1367 395 fisci
1383 356 1512 395 nostri
1523 356 1812 400 Procuratori,
1827 355 1994 394 fraudis
2008 358 2101 394 vin-

459 416 554 459 dici,
567 414 674 452 alter
682 423 786 450 vero
795 411 977 455 semissis,
989 411 1065 449 tibi
1076 410 1375 449 haeredibusve
1386 412 1471 448 tuis
1482 409 1711 457 pendatur,
1722 411 1870 456 puniri
1877 409 2101 447 volumus:

459 467 725 506 Mandantes
741 464 946 502 vniverfis
971 474 1022 501 ac
1045 463 1220 512 fingulis
1241 463 1392 502 nostris
1413 462 1452 501 &
1471 463 1592 501 Sacri
1609 462 1797 500 Romani
1813 462 1985 511 Imperij
2008 461 2101 500 sub-

457 521 553 558 ditis
566 519 603 557 &
615 518 814 556 fidelibus
831 515 1007 560 dilectis,
1023 522 1113 554 tam
1128 516 1424 554 Ecclefiafticis
1441 527 1577 563 quam
1587 515 1789 560 Ponticis,
1806 514 2102 564 cujuscunque

456 573 595 616 status,
616 571 787 620 gradus,
808 575 883 608 aut
908 569 1073 608 ordinis
1094 571 1322 614 extiterint,
1343 569 1580 617 praesertim
1594 580 1700 607 vero
1720 570 1785 617 ijs,
1806 570 1883 616 qui
1898 570 1945 607 in
1960 568 2102 617 Magi-

456 626 585 663 stratu
605 624 829 668 constituti,
850 623 920 661 vel
939 622 1016 661 suo
1036 622 1106 660 vel
1125 622 1398 670 superiorum
1417 622 1596 660 suorum
1616 622 1714 660 loco
1735 626 1810 660 aut
1830 623 2011 660 nomine
2029 623 2103 670 jus

456 679 615 722 dicunt,
633 677 901 725 justiciamve
922 681 1135 721 exercent,
1156 687 1212 714 ne
1233 687 1489 724 quenquam
1509 675 1594 714 hoc
1609 675 1890 723 Privilegium
1909 674 2103 713 nostrum

457 734 636 779 impune
656 730 835 774 violare,
855 729 1055 777 spernere
1075 735 1150 767 aut
1170 729 1386 777 negligere
1406 731 1645 776 patiantur:
1665 728 1749 772 sed,
1770 727 1800 766 fi
1820 739 1932 776 quos
1951 733 2102 766 contu-

456 795 602 822 maces
627 785 927 831 compererint,
953 782 1179 820 constituta
1199 794 1226 820 a
1245 782 1371 821 nobis
1395 780 1558 820 mulcta
1583 793 1659 820 eos
1682 783 1842 829 puniri,
1868 780 1907 819 δί
1931 780 2101 829 quibus-

456 849 629 885 cunque
645 837 786 875 modis
803 838 990 874 coerceri
1007 841 1170 880 curent,
1192 838 1238 873 ni
1255 835 1293 873 &
1308 835 1474 883 ipfimet
1491 835 1779 883 gravissimam
1794 834 1985 873 nostram
1999 836 2046 873 in
2059 833 2102 873 se

456 896 706 929 convertere
723 889 1069 937 indignationem
1079 889 1225 927 velint.
1242 888 1289 926 Id
1302 889 1420 936 quod
1431 888 1516 927 hoc
1528 888 1794 936 Diplomate,
1810 899 1950 926 manu
1959 887 2103 927 nostra

455 943 697 990 subscripto,
720 942 757 980 &
778 941 967 980 Caesarei
988 942 1118 980 nostri
1137 941 1258 990 figilli
1279 942 1549 989 impressione
1567 943 1752 986 munito,
1773 940 2100 980 confirmamus.

508 996 675 1034 Datum
686 993 700 1045 ΙΙ
712 998 758 1033 in
769 996 882 1033 Arce
894 994 1036 1033 nostra
1047 997 1165 1043 regia
1176 995 1338 1043 Pragae,
1355 995 1424 1033 die
1436 995 1606 1033 decima
1616 997 1742 1033 tertia
1752 994 1910 1033 menfis
1920 994 2048 1043 Iunij,

560 1050 695 1087 Anno
707 1049 907 1086 Domini:
920 1047 1167 1092 Millefimo,
1181 1047 1551 1096 Quingentefimo,
1564 1047 1872 1096 Nonagefimo.
1889 1047 1994 1096 Reg-

613 1113 774 1139 norum
785 1101 1041 1145 nostrorum,
1054 1101 1241 1139 Romani
1253 1101 1423 1140 decimo
1435 1103 1602 1149 quinto,
1614 1101 1860 1150 Hungarici
1871 1101 1942 1140 de-

706 1157 820 1193 cimo
840 1153 1007 1199 octavo,
1030 1154 1068 1192 &
1088 1154 1316 1192 Bohemici
1332 1154 1482 1193 itidem
1497 1155 1669 1193 decimo
1686 1156 1852 1202 quinto.

1091 1234 1460 1273 RVDOLPHVS.

848 1305 1064 1343 IACOBUS
1081 1304 1303 1344 CURTIUS
1318 1313 1351 1343 Α
1367 1305 1703 1345 SENFFTENAU.

941 1382 1001 1413 Ad
1018 1383 1255 1414 Mandatum
1271 1383 1406 1415 Sacrae
1422 1383 1614 1416 Caesareae

1055 1427 1267 1468 Majestatis
1283 1428 1499 1468 proprium.

1043 1491 1510 1574 IOHAN.NII320}RV1T1US

505 1640 625 1666 Similia
642 1640 804 1674 Privilegia
821 1649 837 1667 a
856 1640 1067 1667 Potentissimis
1088 1641 1207 1675 aliquot
1228 1641 1372 1674 Regibus.
1393 1641 1521 1675 aliisque
1541 1641 1664 1675 insuper
1686 1641 1880 1675 Principibus
1896 1642 1922 1668 ἃ
1936 1641 2101 1669 ordinibus

452 1676 659 1702 obtinuimus:
677 1684 747 1709 quae
763 1676 879 1705 omnia.
895 1676 1046 1710 fiquidem
1063 1676 1094 1702 id
1110 1677 1263 1709 prolixum
1275 1678 1300 1703 ἂ
1311 1675 1414 1704 ἱεθοτὶ
1430 1677 1590 1704 taediol'um
1607 1678 1691 1707 foret,
1707 1678 1766 1704 hoc
1778 1678 1848 1704 loco
1859 1677 1989 1704 interere
2000 1677 2100 1711 tuper-

454 1719 508 1738 vac
512 1720 626 1737 uuuuu
648 1711 801 1737 duximus.
823 1712 956 1738 Vnicum
977 1712 1124 1738 duntaxat
1141 1712 1252 1745 Inclyti
1269 1713 1430 1739 Scotorum
1448 1713 1546 1746 Regis.
1567 1713 1711 1739 Oculatis
1727 1721 1857 1746 operum
1873 1713 1899 1739 ἃ
1915 1712 2100 1740 instrumen-

451 1749 552 1772 torum
570 1747 600 1772 in
618 1747 813 1780 Vraniburgo
834 1745 1018 1780 inspectoris.
1039 1747 1093 1774 arti
1115 1756 1167 1780 per
1188 1756 1282 1781 quam
1305 1748 1515 1775 honorificum
1533 1748 1680 1782 Diploma
1702 1757 1773 1775 cum
1792 1746 1938 1775 adiuncto
1953 1748 2101 1776 Carmine

451 1782 603 1815 praeterire
621 1790 683 1808 non
700 1783 867 1816 potuimus.

1714 2594 2098 2634 PRIVILEGIVM

2142 843 2174 869 10

2143 1109 2173 1135 15

2138 1714 2173 1740 25
