2164 3246
52 1024 93 1056 72

58 1079 88 1105 15

49 1614 83 1640 25

43 2149 76 2175 35

38 2415 78 2447 73

426 217 1085 258 PROGYMNASMATUM
1108 220 1311 259 PRIMA
1334 223 1485 262 PARS
1734 226 1785 264 59

185 324 317 362 Nunc
341 323 563 372 Exemplis
589 324 757 372 aliquot
782 324 878 363 haec
904 325 1121 365 antednfta
1146 327 1355 367 illustrare
1382 330 1533 377 placet,
1559 334 1717 378 partim
1741 338 1784 370 vt

132 379 242 416 ratio
263 389 316 415 ex
338 377 580 416 Obseruata
600 377 844 416 Altitudine
865 379 1013 417 locum
1034 380 1146 418 Solis
1167 383 1429 429 inquirendi,
1453 384 1489 421 &
1511 397 1611 422 cum
1632 385 1783 423 nostris

130 432 326 469 numeris
348 430 601 469 conferendi
617 430 788 469 facilius
805 432 980 470 constet:
1003 436 1161 480 partim
1177 441 1219 472 vt
1236 438 1395 474 veritas
1411 437 1689 476 corred'tionis
1706 451 1781 477 no-

129 484 222 522 strae
233 486 279 522 in
290 486 444 522 itinere
456 483 598 522 Solari
609 496 686 532 per
697 485 887 523 aliorum
899 486 1237 525 Obseruationes
1249 491 1294 526 in
1307 490 1484 527 diuerfiS
1493 491 1640 529 Terrae
1653 495 1781 539 parti-

129 537 222 582 bus,
232 537 364 585 longo
375 539 507 576 etiam
516 538 755 576 Annorum
764 537 902 577 tradlu
912 539 1176 584 distantibus,
1187 541 1394 589 liquidius
1405 543 1442 580 &
1453 547 1609 582 certius
1619 552 1780 592 pateat:

129 590 264 639 quue
280 593 326 629 in
342 590 474 635 hunc,
491 596 534 629 vt
550 603 669 629 nunc
685 591 937 637 referemus,
955 594 1149 631 modum.

182 644 448 683 Clarissimus
468 644 541 682 ille
558 644 596 682 &
612 645 976 692 praestantissimus
994 646 1324 686 Germanorum
1342 649 1684 689 Mathematicus
1702 652 1779 691 10-

128 698 380 736 HANNES
403 698 456 736 de
480 697 884 737 MONTEREGIO
904 699 1109 739 FrancuS.
1135 703 1180 738 in
1203 703 1402 748 pauculis
1426 703 1509 740 illis
1526 716 1551 741 a
1568 704 1607 742 se
1624 704 1780 743 relidiis

127 751 352 790 Solaribus
360 751 751 790 Obseruationibus
759 752 887 799 (quas
897 755 992 791 eius
1001 753 1250 801 Discipulus
1258 756 1778 801 BernardusWaltherus,

127 806 251 843 cuius
271 811 403 843 antea
423 807 695 843 mentionem
715 805 911 850 fecimus,
933 807 989 844 ad
1010 807 1178 854 aliquot
1194 820 1336 846 annos
1353 811 1645 857 continuauit)
1670 814 1779 849 inter

126 858 248 902 alias,
265 858 378 897 Solis
390 858 619 897 Chordam
631 859 842 897 distantiae
854 871 881 897 a
892 862 1051 898 vertice
1064 862 1199 899 Anno
1212 862 1318 905 1473,
1332 863 1495 910 Aprilis
1507 864 1575 901 die
1588 864 1638 901 20
1651 865 1778 902 Nori—

125 911 268 960 bergae
279 924 307 950 a
317 912 358 950 se
371 911 660 950 Obseruatam
671 915 794 960 ponit
805 913 949 957 59975,
963 925 1098 961 quam
1110 914 1246 952 solam
1259 915 1508 963 diligentem
1521 923 1663 961 vocat;
1677 918 1778 956 huic

125 964 352 1013 respondet
363 966 507 1003 Arcus
519 965 561 1004 P.
574 966 637 1004 34.
653 964 677 1014 s.
690 966 754 1010 54,
767 966 1012 1005 distantiam
1025 967 1137 1005 Solis
1150 980 1176 1006 a
1188 969 1346 1006 Zenith
1358 970 1648 1013 manifestans,
1661 972 1777 1009 ideo-

126 1030 210 1067 que
226 1031 315 1057 vna
331 1021 425 1057 eius
441 1019 733 1057 Altitudinem
749 1019 791 1057 P.
809 1021 872 1058 55.
892 1018 917 1068 Ι.
935 1021 971 1058 6.
989 1017 1003 1071 ΙΙ
1021 1024 1089 1059 cui
1106 1021 1347 1060 Parallaxis
1364 1024 1481 1061 addit
1498 1026 1650 1062 minut.
1669 1026 1717 1068 13,
1735 1032 1777 1063 vt

124 1072 170 1110 fit
190 1084 295 1111 vera
313 1072 565 1117 sublimitas,
589 1071 782 1120 respectu
803 1073 954 1112 Centri
974 1074 1123 1112 Terrae
1145 1075 1187 1113 P.
1204 1076 1266 1114 55.
1287 1074 1311 1123 l.
1330 1077 1386 1116 7-3.
1410 1077 1607 1115 Altitudo
1628 1084 1776 1116 autem

123 1125 378 1173 AEquatoris
394 1126 653 1174 Noribergae
669 1138 745 1174 per
761 1127 855 1165 Poli
872 1127 1179 1166 Eleuationem
1200 1129 1395 1177 superius
1412 1142 1437 1168 a
1454 1131 1580 1169 nobis
1597 1135 1774 1179 conqui-

122 1178 210 1224 fita,
232 1179 288 1218 G.
304 1180 368 1218 40.
387 1178 412 1228 l.
429 1180 493 1224 34,
514 1179 544 1218 fi
560 1179 785 1218 auferatur
800 1192 827 1219 a
842 1180 1102 1220 sublimitate
1120 1182 1232 1220 Solis
1248 1185 1442 1227 inuenta,
1465 1196 1517 1222 eo
1539 1186 1656 1231 quod
1673 1192 1774 1223 tunc

123 1233 356 1271 Borealem
381 1233 715 1272 Semicirculum
745 1240 939 1282 occupet,
970 1235 1187 1283 relinquet
1217 1239 1310 1274 eius
1336 1237 1690 1276 Declinationem
1720 1240 1774 1277 ab

122 1286 364 1334 AEquatore
383 1287 780 1335 Septentrionalem
800 1291 1033 1336 cognitam,
1054 1289 1097 1327 P.
1120 1290 1172 1327 14.
1197 1288 1221 1337 l.
1244 1291 1328 1333 333,
1351 1293 1419 1328 cui
1441 1291 1775 1339 correspondent

122 1340 175 1379 de
195 1340 404 1388 Ecliptica
424 1342 547 1379 iuxta
566 1341 751 1379 modum
772 1343 892 1389 prius
913 1343 1155 1381 indicatum
1173 1343 1226 1382 G.
1244 1344 1280 1382 9.
1300 1343 1324 1391 l.
1342 1344 1365 1382 3
1387 1347 1444 1388 ὅ,
1469 1346 1599 1392 idque
1620 1345 1773 1393 suppo-

121 1394 268 1433 nendo
284 1393 356 1432 hic
373 1394 730 1433 Declinationem
742 1395 963 1443 Eclipticae
980 1399 1223 1434 maximam
1235 1398 1277 1435 P.
1291 1398 1352 1436 23.
1368 1396 1393 1445 l.
1406 1398 1447 1436 31
1464 1399 1650 1445 praecise,
1668 1411 1773 1446 qua—

120 1446 208 1485 lem
224 1449 338 1486 circa
354 1460 407 1486 ea
421 1453 622 1496 tempora
637 1448 754 1486 fuisse
765 1449 1008 1487 verofimile
1026 1450 1092 1494 est,
1110 1456 1152 1488 vt
1170 1453 1301 1489 etiam
1319 1463 1371 1489 ex
1385 1451 1773 1491 Obseruationibus

120 1500 438 1540 Waltherianis
453 1501 650 1550 superius
667 1501 876 1547 adduffls,
893 1503 992 1541 satis
1008 1503 1235 1552 colligitur.

172 1554 355 1603 Iamque
376 1555 602 1603 quomodo
623 1555 694 1594 hic
714 1558 757 1601 Θ
777 1556 900 1595 locus
921 1569 1022 1595 cum
1043 1557 1186 1596 nostra
1206 1561 1513 1596 numeratione
1535 1559 1773 1597 consentiat

118 1608 376 1647 videbimus.
389 1608 776 1658 SimplexApogaei
788 1612 1008 1658 promotio
1020 1611 1075 1649 ad
1087 1616 1258 1659 tempus
1268 1611 1535 1659 praefinitum
1546 1612 1771 1660 colligitur,

119 1660 201 1710 Sig.
217 1662 254 1701 3.
276 1662 319 1701 P.
336 1663 373 1700 4.
396 1661 421 1710 l.
439 1663 475 1701 3.
499 1661 542 1711 ll.
559 1663 622 1701 45.
645 1663 798 1701 Motus
819 1669 968 1702 autem
990 1665 1160 1702 medius
1183 1666 1486 1713 Longitudinis
1507 1666 1619 1704 Solis
1641 1666 1722 1714 Sig.
1744 1668 1770 1704 1.

117 1714 160 1753 P.
173 1715 209 1754 7.
228 1713 254 1764 l.
270 1716 334 1754 22.
353 1714 396 1764 ll.
410 1716 463 1761 12,
481 1728 508 1755 a
524 1728 613 1764 quo
629 1716 659 1754 fi
675 1717 978 1755 abstulerimus
995 1718 1180 1766 Apogaei
1196 1719 1355 1762 locum,
1373 1719 1642 1766 relinquetur
1659 1719 1770 1757 Solis

117 1780 144 1807 a
163 1768 334 1808 summa
353 1769 496 1808 abside
517 1781 594 1818 per
614 1770 972 1818 consequentiam
993 1771 1227 1819 Signorum
1248 1772 1458 1815 distantia,
1480 1773 1562 1820 Sig.
1585 1773 1637 1810 10.
1662 1773 1715 1811 G.
1733 1773 1768 1811 3.

118 1820 144 1870 l.
157 1822 210 1861 18.
225 1821 268 1871 ll.
280 1823 344 1868 27,
361 1823 520 1871 quibus
537 1835 559 1862 e
575 1823 748 1862 Tabula
761 1824 1203 1872 Prosthaphaerefium
1220 1826 1446 1873 respondet
1464 1828 1668 1873 aequatio,
1687 1826 1728 1863 P.
1743 1828 1768 1864 1.

118 1873 143 1924 l.
160 1876 223 1915 40.
242 1874 285 1925 ll.
302 1877 366 1921 56,
388 1877 592 1916 addenda
609 1877 789 1925 fimplici
808 1880 948 1916 motui
964 1885 1007 1916 vt
1024 1879 1182 1917 constet
1198 1892 1432 1927 apparens:
1455 1880 1601 1917 euadit
1623 1882 1769 1927 itaque

115 1940 245 1968 verus
260 1930 383 1969 locus
399 1930 512 1969 Solis
528 1931 583 1969 ab
599 1931 884 1978 AEquinod'tio
901 1932 1050 1970 Verno
1066 1939 1335 1975 numeratus,
1358 1936 1402 1970 in
1419 1935 1460 1977 Q<
1477 1933 1519 1970 P.
1532 1934 1568 1971 9.
1583 1932 1608 1980 l.
1621 1933 1657 1971 3.
1673 1932 1715 1980 ll.
1728 1933 1768 1971 8:

114 1982 246 2031 idque
261 1983 337 2022 sub
350 1983 604 2022 Meridiano
620 1984 754 2023 huius
770 1985 866 2023 loci.
884 1986 1050 2023 Verum
1068 1989 1172 2033 quia
1188 1999 1269 2024 nos
1285 1987 1433 2024 sumus
1446 1987 1768 2034 Noribergenfi-

114 2036 194 2075 bus
210 2037 514 2076 orientaliores
530 2049 607 2085 per
622 2037 747 2076 horae
764 2039 884 2086 quasi
901 2040 1205 2086 quadrantem,
1220 2046 1263 2077 vt
1275 2047 1405 2078 antea
1418 2052 1594 2087 quoque
1607 2039 1767 2078 dietum

114 2089 181 2134 est,
202 2093 386 2129 veniunt
405 2102 485 2138 pro
506 2092 741 2130 interuallo
761 2092 1117 2131 Meridianorum
1138 2094 1340 2131 addenda
1359 2093 1493 2141 scrup.
1514 2093 1684 2131 secund.
1705 2093 1767 2135 37,

113 2144 172 2182 ita
183 2149 226 2182 vt
237 2156 368 2183 verus
384 2144 506 2183 locus
523 2144 636 2183 Solis
652 2151 755 2183 tunc
771 2148 980 2193 temporis
992 2148 1037 2184 in
1051 2146 1303 2185 Meridiano
1317 2146 1622 2194 Noribergenfi
1639 2146 1766 2184 fuerit

112 2198 158 2235 in
173 2196 216 2235 P.
228 2198 265 2236 9.
279 2196 305 2246 l.
317 2198 360 2237 3?
380 2200 438 2243 ὅ,
456 2199 575 2245 quod
591 2211 617 2236 a
633 2199 785 2237 nostris
802 2202 998 2237 numeris
1015 2203 1301 2248 perexiguum
1319 2200 1472 2243 differt,
1490 2202 1579 2237 imo
1597 2211 1649 2238 ea
1666 2212 1765 2247 quae

112 2250 262 2289 incidit
281 2263 393 2299 pene
415 2251 668 2290 insenfibilis
689 2252 989 2300 discrepantia.
1011 2265 1087 2300 per
1109 2254 1445 2291 Eccentricitatis
1467 2254 1643 2294 Solaris,
1666 2265 1765 2300 quae

111 2308 214 2342 tunc
233 2307 442 2353 temporis
462 2305 554 2349 fuit,
576 2305 854 2353 aliquantulo
873 2309 1092 2344 minorem
1109 2308 1423 2349 assumtionem,
1441 2307 1554 2344 vnde
1572 2306 1765 2344 Prostha-

111 2356 316 2404 phaerefis
333 2360 466 2396 etiam
482 2358 688 2397 nonnihil
705 2358 959 2402 coarctatur,
978 2361 1300 2407 propemodum
1318 2360 1546 2398 euanescit.
1565 2357 1579 2409 ΙΙ

164 2410 283 2449 Patet
299 2411 472 2455 idcirco,
495 2424 596 2450 cum
612 2412 755 2451 nostra
771 2413 1035 2451 restitutione
1057 2413 1154 2452 satis
1171 2425 1409 2461 congruere
1432 2414 1577 2451 locum
1595 2413 1719 2455 Solis,
1743 2425 1764 2450 e

111 2462 382 2512 diligentiore
400 2465 737 2513 Regiomontani
758 2472 859 2504 ante
876 2478 1019 2504 annos
1036 2467 1133 2514 plus
1151 2473 1357 2505 centenos
1375 2467 1631 2514 Noribergae
1653 2465 1763 2504 fadta

111 2516 440 2556 Obseruatione.
459 2519 516 2556 At
532 2519 561 2556 fi
573 2519 896 2566 Alphonfinam
913 2523 1268 2558 numerationem
1285 2520 1628 2560 adhibuerimus.
1647 2519 1762 2556 dabit

216 2579 249 2605 ⁸·
1711 2584 1762 2609 ea
