2164 3246
386 205 1044 246 PROGYMNASMATUM
1066 209 1268 247 PRIMA
1290 210 1440 249 PARS
1672 212 1739 251 167

93 314 219 357 furat,
224 324 320 404 gul?
331 311 533 350 Ascenfio
546 311 676 350 Redta
687 313 871 351 Veneris
883 325 910 351 a
924 316 968 359 <D
984 315 1196 362 inquifita,
1211 316 1384 364 hucque
1397 319 1739 362 accommodata,

95 378 222 406 emen
254 378 281 404 a
312 368 409 404 itur.

147 420 265 467 Quia
291 425 441 457 autem
467 424 614 457 motus
641 419 826 458 diurnus
846 420 1029 459 Veneris
1053 423 1199 469 quoad
1223 423 1510 470 AEquatorem
1532 424 1585 462 est
1613 424 1738 471 1453.

95 474 204 513 Hor.
225 473 261 512 5.
285 472 473 510 Minutis
495 472 559 516 46,
585 473 744 520 quibus
764 473 861 511 haec
882 474 1140 513 Obseruatio
1162 476 1344 514 Veneris
1367 489 1392 514 a
1416 477 1533 520 Fixa.
1558 478 1739 516 alteram

44 542 60 568 5
94 527 215 566 illam
230 538 258 564 a
273 526 373 565 Sole
389 523 549 564 saetam
569 525 772 573 sequitur,
794 526 1052 574 respondent
1069 531 1172 566 min.
1191 529 1243 566 10.
1263 528 1305 577 ll.
1323 531 1385 573 55,
1407 542 1506 577 quae
1524 531 1668 569 addita
1685 533 1739 569 ad

94 579 399 620 Ascenfionem
406 578 583 617 Reetam
590 579 786 623 Veneris,
797 586 927 618 antea
936 583 1177 625 inuentam,
1188 583 1448 621 constituunt
1457 590 1650 631 tempore
1661 585 1739 622 hu·

93 637 161 673 ius
168 633 497 673 Obseruationis
508 644 660 671 veram
667 632 977 672 Ascenfionem
990 634 1165 673 Recffmm
1173 636 1354 673 Veneris
1366 644 1473 683 part.
1486 638 1548 674 49.
1561 640 1664 675 min.
1677 638 1738 675 42.

93 687 170 726 see.
185 687 249 731 24,
270 689 340 725 cuj
360 686 506 724 ablata
521 686 742 724 Parallaxi
758 687 1031 725 Ascenfionis
1050 689 1104 726 ad
1124 688 1207 726 hoc
1223 695 1394 736 tempus
1411 690 1610 727 vltimum
1627 692 1738 733 data,

94 746 290 780 remanet
304 739 394 778 visa
409 739 612 778 Ascenfio
630 739 759 778 Reda
770 740 966 785 Veneris,
983 748 1090 788 part.
1107 742 1169 780 49.
1188 745 1339 780 minut.
1358 743 1419 781 39.
1437 743 1512 781 sec.
1530 744 1591 781 20.
1610 744 1739 790 Quod

30 808 60 835 ιο
94 794 124 833 fi
137 805 256 833 nunc
271 794 562 832 adiecerimus
577 794 745 831 Arcum
761 793 1016 841 AEquatoris
1033 797 1144 833 inter
1161 795 1341 833 Calcem
1357 797 1478 843 pedis
1499 800 1531 839 Π
1552 797 1588 834 8(
1601 797 1739 835 Vene-
1755 838 1757 840 ,

95 859 199 893 rem,
210 847 406 895 superius
417 846 683 895 inquifitum‚
697 849 775 885 erit
787 847 989 885 Ascenfio
1003 847 1131 886 Reda
1143 848 1288 886 Calcis
1300 850 1420 896 pedis
1434 849 1739 892 Geminorum,

94 906 200 950 part.
211 901 274 940 89.
286 902 392 939 min.
404 900 467 939 25.
484 900 562 938 sec.
574 900 637 938 33.
655 900 918 939 Differentia
933 913 1038 939 vero
1050 901 1367 940 Ascenfionalis
1383 905 1494 940 inter
1512 903 1628 941 hunc
1642 904 1739 942 Cal-

95 966 188 994 cem
209 954 332 1002 pedis
355 956 390 998 ]I
414 953 452 992 81
475 954 688 992 Lucidam
713 960 773 998 V,
797 966 874 1002 per
898 954 1237 993 obseruationes
1261 962 1397 994 certas
1420 957 1528 994 alias
1551 957 1662 999 data,
1687 957 1741 994 est

94 1013 200 1057 part.
216 1007 279 1046 63.
295 1009 400 1046 min.
412 1007 475 1046 28.
491 1007 637 1052 sec.10‚
654 1019 755 1055 quae
770 1007 938 1046 sublata
953 1009 1007 1046 ab
1024 1008 1284 1046 Ascenfione
1301 1009 1446 1047 Calcis
1466 1012 1519 1052 Π.
1537 1010 1741 1057 relinquit

30 1075 60 1101 ιε
95 1060 401 1100 Ascenfionem
412 1059 590 1100 Ree'tam
602 1061 779 1099 Lucidae
794 1067 855 1105 V,
871 1068 979 1109 part.
992 1062 1055 1100 25.
1068 1064 1172 1100 min.
1185 1063 1247 1100 57.
1262 1061 1291 1110 ll
1298 1094 1304 1100 .
1318 1063 1379 1100 23.
1397 1063 1627 1101 Addantur
1639 1063 1740 1101 huic

94 1116 198 1154 min.
207 1115 244 1153 3.
255 1113 299 1163 ll.
309 1114 346 1159 9,
362 1126 442 1162 pro
451 1115 596 1152 Annis
606 1114 642 1159 3,
658 1114 884 1153 Menfibus
893 1115 952 1159 91,
968 1127 1020 1153 ea
1030 1118 1198 1153 ratione
1209 1128 1297 1163 qua
1306 1123 1450 1153 motus
1460 1118 1649 1154 Annuus
1660 1117 1740 1155 Oc-

94 1173 210 1207 tauae
226 1167 423 1216 Sphaerae
439 1168 485 1206 fit
498 1166 541 1216 ll.
553 1169 596 1206 51
612 1170 824 1216 proxime,
843 1170 920 1206 erit
933 1169 1109 1207 Lucidae
1125 1175 1170 1209 V
1184 1169 1385 1207 Ascenfio
1403 1169 1542 1212 Recita,
1560 1177 1665 1217 part.
1678 1170 1739 1208 26.

94 1223 197 1314 ¹1{111‘n.
213 1221 250 1260 Ο.
272 1220 316 1270 ΙΙ.
332 1221 396 1266 32,
422 1222 557 1260 Anno
579 1221 815 1260 CHRISTI
837 1222 1054 1270 completo
1076 1223 1182 1264 1585.
1209 1234 1343 1270 quam
1366 1223 1619 1270 inuestigare
1642 1235 1740 1260 con-

141 1277 317 1314 tuimus.
887 1302 945 1340 ΠΙ

28 1376 61 1403 20
96 1363 356 1403 EANDEM
371 1363 805 1403 ASCENSIONEM
826 1364 1074 1403 RECTAM
1092 1365 1170 1403 EX
1186 1365 1741 1403 OBSERUATIONIBUS

542 1426 664 1465 DIEI
680 1427 704 1465 3
720 1427 942 1465 APRILIS
959 1427 1294 1474 INQUIRERE.

174 1489 251 1528 Ro
271 1488 549 1537 inquifitione
568 1489 842 1527 Ascenfionis
859 1488 1000 1528 Ree‘tae
1018 1489 1225 1527 Fixarum
1243 1490 1398 1527 eodem
1415 1501 1590 1536 quoque
1607 1490 1741 1526 Anno

173 1543 280 1588 1582,
297 1542 383 1581 Die
395 1543 418 1581 3
430 1543 595 1591 Aprilis
608 1543 948 1581 obseruationes
961 1543 1127 1581 caelitus
1139 1549 1348 1590 acceptas,
1366 1545 1411 1580 in
1428 1543 1652 1580 confilium
1669 1543 1740 1580 ad-

95 1595 330 1635 hibuimus.
351 1596 436 1635 Die
457 1599 577 1635 enim
597 1595 815 1635 antediem
837 1597 948 1634 Hor.
970 1598 996 1634 1.
1019 1596 1081 1634 M.
1103 1597 1166 1634 40.
1187 1597 1230 1634 P.
1252 1596 1315 1634 M.
1337 1598 1518 1634 inuenta
1539 1596 1593 1633 est
1614 1598 1740 1633 inter-

29 1661 62 1688 25
96 1650 260 1698 capedo
273 1651 316 1695 Ε)
329 1649 368 1688 &
382 1653 409 1694 Q
423 1650 538 1689 P.38.
550 1648 669 1698 s.38},
686 1650 1127 1688 DeclinatioVeneris
1139 1662 1215 1697 per
1227 1649 1589 1688 Obseruatio'nem
1605 1651 1740 1696 patuit

96 1703 251 1742 eodem
265 1703 496 1752 Tempore,
513 1710 621 1751 part.
633 1703 696 1742 25.
716 1702 741 1751 l.
754 1704 822 1743 4723
844 1704 1003 1747 Borea;
1021 1703 1187 1750 fuitque
1208 1710 1309 1741 tunc
1326 1703 1522 1740 Altitudo
1542 1702 1652 1741 Solis
1670 1702 1737 1741 39¹2

95 1762 201 1805 part.
217 1757 415 1796 Altitudo
431 1757 616 1796 Veneris
632 1757 701 1796 5853
721 1763 828 1805 part.
852 1757 1018 1805 Longit.
1036 1757 1161 1799 Solis,
1184 1768 1236 1794 ex
1256 1759 1432 1804 propria
1449 1758 1493 1793 in
1509 1762 1631 1793 motu
1649 1758 1741 1793 eius

95 1810 487 1854 animaduerfione,
508 1817 616 1859 part.
633 1811 696 1849 23.
719 1809 745 1858 l.
763 1811 816 1849 13.
835 1809 878 1858 ll.
895 1811 946 1849 52
965 1816 1025 1850 V.
1051 1810 1291 1848 Parallaxis

95 1863 348 1902 Altitudinis
365 1862 390 1913 Ι.
402 1864 439 1903 2.
453 1862 497 1913 ΙΙ.
509 1865 573 1903 20.
591 1864 896 1913 Longitudinis
914 1862 939 1912 l.
952 1865 978 1901 l.
994 1862 1036 1911 sl.
1049 1864 1111 1901 30.
1130 1864 1290 1901 Latitu-
1518 1854 1560 1893 Α

28 1927 62 1955 ³0
96 1917 207 1956 dinis
228 1915 254 1966 l.
271 1918 298 1956 l.
316 1916 360 1966 ll.
376 1918 440 1956 47.
465 1918 659 1966 Ideoque
680 1918 774 1956 Asc.
797 1916 926 1956 Resfta
950 1917 1034 1955 loci
1057 1917 1169 1955 Solis
1189 1916 1290 1959 visa,

95 1973 297 2018 prouenit
317 1971 361 2009 P.
377 1971 432 2010 21.
454 1969 480 2020 l.
497 1971 560 2010 28.
584 1970 628 2020 ll.
644 1971 681 2010 3.
705 1971 954 2009 Declinatio
979 1970 1169 2008 eiusdem
1190 1970 1290 2013 visa,

96 2029 201 2072 part.
221 2024 258 2063 9.
280 2023 306 2073 Ι.
323 2025 350 2063 1.
373 2023 416 2073 ΙΙ.
434 2025 475 2063 13
499 2025 654 2064 Borea.
679 2024 940 2063 Differentia
963 2027 1109 2071 itaque
1133 2023 1290 2061 Ascen-

96 2076 224 2116 fionis
231 2079 344 2116 inter
352 2077 501 2117 Solem
511 2078 549 2116 &
558 2079 778 2116 Venerem
789 2078 1028 2116 secundum
1037 2077 1291 2124 AEquatoris

97 2128 285 2177 dudum,
306 2133 352 2170 in
372 2131 491 2170 hunc
507 2134 584 2180 qui
603 2132 794 2180 sequitur
813 2132 1008 2173 modum,
1030 2130 1290 2168 demonstra-

29 2194 62 2221 3⁵
95 2185 183 2223 tiue
199 2195 252 2223 ex
267 2184 336 2223 his
352 2191 690 2234 coaugmentata
706 2185 772 2223 est.
790 2182 804 2235 ΙΙ

17 2241 74 2275 163
148 2237 209 2276 Sit
224 2239 270 2276 in
285 2239 489 2287 assignata
504 2239 664 2288 Figura
679 2240 720 2277 A
736 2239 868 2276 Polus
880 2238 1146 2285 AEquatoris,
1164 2237 1197 2274 B
1210 2237 1291 2274 Ve-

96 2301 192 2336 nus,
203 2291 241 2330 C
250 2291 337 2330 Sol.
350 2292 400 2331 In
409 2292 650 2341 Triangulo
660 2292 792 2335 ΒΑΕ,
806 2294 911 2339 quia
923 2292 1024 2329 data
1035 2291 1129 2328 sunt
1142 2292 1292 2328 omnia

96 2345 177 2383 tria
192 2344 360 2390 Latera,
382 2346 464 2384 BA
480 2353 588 2394 part.
605 2346 668 2385 64.
685 2348 791 2384 min.
807 2346 881 2389 123,
905 2344 1292 2392 Complementum
1308 2354 1337 2392 Β

96 2395 414 2438 Declinationis
430 2399 625 2438 Veneris.
647 2400 744 2443 CA,
762 2404 868 2447 part.
886 2399 948 2437 80.
966 2400 1070 2436 min.
1088 2398 1150 2435 58.
1170 2396 1211 2444 ll.
1230 2397 1292 2438 47,

30 2460 63 2488 4ο
97 2449 483 2500 Complementum
491 2453 811 2491 Declinationis
819 2452 943 2490 Solis.
953 2452 1085 2489 Latus
1093 2462 1196 2488 vero
1206 2450 1292 2491 BC.

96 2509 202 2551 part.
213 2505 276 2544 38.
288 2507 394 2544 min.
406 2506 492 2550 383,
504 2506 703 2545 distantia
714 2505 945 2553 Vtriusque.
964 2505 1191 2542 Inuenitur
1203 2504 1291 2540 An·
1306 2485 1345 2525 D

1615 2552 1739 2599 gulus
