<?xml version="1.0" encoding="UTF-8"?>
<!DOCTYPE html PUBLIC "-//W3C//DTD XHTML 1.0 Transitional//EN"
    "http://www.w3.org/TR/xhtml1/DTD/xhtml1-transitional.dtd">
<html xmlns="http://www.w3.org/1999/xhtml" xml:lang="en" lang="en">
 <head>
  <title>
</title>
<meta http-equiv="Content-Type" content="text/html;charset=utf-8" />
  <meta name='ocr-system' content='tesseract 3.04.00' />
  <meta name='ocr-capabilities' content='ocr_page ocr_carea ocr_par ocr_line ocrx_word'/>
</head>
<body>
  <div class='ocr_page' id='page_1' title='image "./operaomniaedidit02brahuoft/operaomniaedidit02brahuoft_0207.png"; bbox 0 0 2164 3246; ppageno 0'>
   <div class='ocr_carea' id='block_1_1' title="bbox 412 193 1773 233">
    <p class='ocr_par' dir='ltr' id='par_1_1' title="bbox 412 193 1773 233">
     <span class='ocr_line' id='line_1_1' title="bbox 412 193 1773 233; baseline 0.001 -2"><span class='ocrx_word' id='word_1_1' title='bbox 412 193 1072 233; x_wconf 91' lang='lat' dir='ltr'>PROGYMNASMATUM</span> <span class='ocrx_word' id='word_1_2' title='bbox 1095 194 1299 232; x_wconf 87' lang='lat' dir='ltr'><strong>PRIMA</strong></span> <span class='ocrx_word' id='word_1_3' title='bbox 1321 195 1472 233; x_wconf 86' lang='lat' dir='ltr'>PARS</span> <span class='ocrx_word' id='word_1_4' title='bbox 1714 195 1773 233; x_wconf 96' lang='lat'>191</span> 
     </span>
    </p>
   </div>
   <div class='ocr_carea' id='block_1_2' title="bbox 38 300 1773 1044">
    <p class='ocr_par' dir='ltr' id='par_1_2' title="bbox 38 300 1773 1044">
     <span class='ocr_line' id='line_1_2' title="bbox 119 300 1773 349; baseline 0 -9"><span class='ocrx_word' id='word_1_5' title='bbox 119 302 301 340; x_wconf 90' lang='lat' dir='ltr'>Veneris</span> <span class='ocrx_word' id='word_1_6' title='bbox 317 300 580 348; x_wconf 88' lang='lat' dir='ltr'>AEquatorio</span> <span class='ocrx_word' id='word_1_7' title='bbox 596 306 703 347; x_wconf 81' lang='lat' dir='ltr'>part.</span> <span class='ocrx_word' id='word_1_8' title='bbox 722 301 748 337; x_wconf 94' lang='lat' dir='ltr'>l.</span> <span class='ocrx_word' id='word_1_9' title='bbox 766 302 871 338; x_wconf 93' lang='lat' dir='ltr'>min.</span> <span class='ocrx_word' id='word_1_10' title='bbox 890 301 949 339; x_wconf 64' lang='lat'>171</span> <span class='ocrx_word' id='word_1_11' title='bbox 970 301 1229 348; x_wconf 85' lang='lat' dir='ltr'>respondent</span> <span class='ocrx_word' id='word_1_12' title='bbox 1248 300 1272 348; x_wconf 84' lang='lat' dir='ltr'>l.</span> <span class='ocrx_word' id='word_1_13' title='bbox 1291 303 1326 339; x_wconf 93' lang='lat'>5.</span> <span class='ocrx_word' id='word_1_14' title='bbox 1346 300 1388 349; x_wconf 77' lang='lat' dir='ltr'>ss.</span> <span class='ocrx_word' id='word_1_15' title='bbox 1407 302 1469 345; x_wconf 94' lang='lat'>59,</span> <span class='ocrx_word' id='word_1_16' title='bbox 1489 314 1565 349; x_wconf 90' lang='lat' dir='ltr'>per</span> <span class='ocrx_word' id='word_1_17' title='bbox 1582 314 1773 349; x_wconf 91' lang='lat' dir='ltr'>quorum</span> 
     </span>
     <span class='ocr_line' id='line_1_3' title="bbox 119 352 1772 403; baseline 0 -10"><span class='ocrx_word' id='word_1_18' title='bbox 119 352 409 394; x_wconf 65' lang='lat' dir='ltr'>adiec&#39;tionem</span> <span class='ocrx_word' id='word_1_19' title='bbox 425 353 480 391; x_wconf 89' lang='lat' dir='ltr'>ad</span> <span class='ocrx_word' id='word_1_20' title='bbox 492 352 802 391; x_wconf 85' lang='lat' dir='ltr'>Ascenfionem</span> <span class='ocrx_word' id='word_1_21' title='bbox 815 353 998 391; x_wconf 91' lang='lat' dir='ltr'>Veneris</span> <span class='ocrx_word' id='word_1_22' title='bbox 1015 354 1212 402; x_wconf 83' lang='lat' dir='ltr'>superius</span> <span class='ocrx_word' id='word_1_23' title='bbox 1229 367 1254 392; x_wconf 89' lang='lat' dir='ltr'>a</span> <span class='ocrx_word' id='word_1_24' title='bbox 1271 355 1371 392; x_wconf 91' lang='lat' dir='ltr'>Sole</span> <span class='ocrx_word' id='word_1_25' title='bbox 1388 362 1551 399; x_wconf 88' lang='lat' dir='ltr'>notam,</span> <span class='ocrx_word' id='word_1_26' title='bbox 1568 358 1772 403; x_wconf 90' lang='lat' dir='ltr'>prouenit</span> 
     </span>
     <span class='ocr_line' id='line_1_4' title="bbox 38 403 1772 457; baseline -0.001 -8"><span class='ocrx_word' id='word_1_27' title='bbox 38 417 95 449; x_wconf 90' lang='lat'>187</span> <span class='ocrx_word' id='word_1_28' title='bbox 119 407 320 447; x_wconf 83' lang='lat' dir='ltr'>Afeenfio</span> <span class='ocrx_word' id='word_1_29' title='bbox 337 405 467 445; x_wconf 67' lang='lat' dir='ltr'>Recta</span> <span class='ocrx_word' id='word_1_30' title='bbox 482 403 702 457; x_wconf 76' lang='lat' dir='ltr'>Ve-ssneris</span> <span class='ocrx_word' id='word_1_31' title='bbox 718 406 822 444; x_wconf 89' lang='lat' dir='ltr'>huic</span> <span class='ocrx_word' id='word_1_32' title='bbox 838 406 1047 454; x_wconf 91' lang='lat' dir='ltr'>Tempori</span> <span class='ocrx_word' id='word_1_33' title='bbox 1064 414 1178 455; x_wconf 91' lang='lat' dir='ltr'>apta,</span> <span class='ocrx_word' id='word_1_34' title='bbox 1195 414 1302 455; x_wconf 90' lang='lat' dir='ltr'>part.</span> <span class='ocrx_word' id='word_1_35' title='bbox 1320 409 1382 446; x_wconf 92' lang='lat'>65.</span> <span class='ocrx_word' id='word_1_36' title='bbox 1402 407 1426 455; x_wconf 81' lang='lat' dir='ltr'>l.</span> <span class='ocrx_word' id='word_1_37' title='bbox 1444 409 1506 446; x_wconf 93' lang='lat'>29.</span> <span class='ocrx_word' id='word_1_38' title='bbox 1527 407 1569 456; x_wconf 83' lang='lat' dir='ltr'>ll.</span> <span class='ocrx_word' id='word_1_39' title='bbox 1587 409 1650 452; x_wconf 89' lang='lat'>38,</span> <span class='ocrx_word' id='word_1_40' title='bbox 1670 409 1772 447; x_wconf 91' lang='lat' dir='ltr'>huic</span> 
     </span>
     <span class='ocr_line' id='line_1_5' title="bbox 119 459 1773 509; baseline 0 -9"><span class='ocrx_word' id='word_1_41' title='bbox 119 459 265 500; x_wconf 66' lang='lat' dir='ltr'>iuncta</span> <span class='ocrx_word' id='word_1_42' title='bbox 285 460 532 498; x_wconf 81' lang='lat' dir='ltr'>differentia</span> <span class='ocrx_word' id='word_1_43' title='bbox 547 459 844 498; x_wconf 87' lang='lat' dir='ltr'>Ascenfionali</span> <span class='ocrx_word' id='word_1_44' title='bbox 865 463 960 498; x_wconf 94' lang='lat' dir='ltr'>eius</span> <span class='ocrx_word' id='word_1_45' title='bbox 981 461 1035 498; x_wconf 91' lang='lat' dir='ltr'>ab</span> <span class='ocrx_word' id='word_1_46' title='bbox 1056 460 1252 498; x_wconf 88' lang='lat' dir='ltr'>inferiori</span> <span class='ocrx_word' id='word_1_47' title='bbox 1270 461 1436 508; x_wconf 84' lang='lat' dir='ltr'>Capitis</span> <span class='ocrx_word' id='word_1_48' title='bbox 1462 464 1494 505; x_wconf 78' lang='grc' dir='ltr'><strong><em>Π</em></strong></span> <span class='ocrx_word' id='word_1_49' title='bbox 1519 463 1773 509; x_wconf 89' lang='lat' dir='ltr'>producitur</span> 
     </span>
     <span class='ocr_line' id='line_1_6' title="bbox 68 512 1771 561; baseline -0.001 -6"><span class='ocrx_word' id='word_1_50' title='bbox 68 529 83 555; x_wconf 87' lang='lat'>⁵</span> <span class='ocrx_word' id='word_1_51' title='bbox 119 514 318 553; x_wconf 85' lang='lat' dir='ltr'>Ascenfio</span> <span class='ocrx_word' id='word_1_52' title='bbox 340 512 470 551; x_wconf 68' lang='lat' dir='ltr'>Recta</span> <span class='ocrx_word' id='word_1_53' title='bbox 491 513 600 561; x_wconf 89' lang='lat' dir='ltr'><strong>Cap.</strong></span> <span class='ocrx_word' id='word_1_54' title='bbox 625 516 680 557; x_wconf 76' lang='grc' dir='ltr'>Π,</span> <span class='ocrx_word' id='word_1_55' title='bbox 702 513 744 551; x_wconf 92' lang='grc' dir='ltr'>Ρ.</span> <span class='ocrx_word' id='word_1_56' title='bbox 763 514 843 552; x_wconf 87' lang='lat'>109.</span> <span class='ocrx_word' id='word_1_57' title='bbox 866 512 892 561; x_wconf 88' lang='lat' dir='ltr'>l.</span> <span class='ocrx_word' id='word_1_58' title='bbox 910 514 972 552; x_wconf 90' lang='lat'>58.</span> <span class='ocrx_word' id='word_1_59' title='bbox 992 512 1035 561; x_wconf 83' lang='lat' dir='ltr'>ll.</span> <span class='ocrx_word' id='word_1_60' title='bbox 1054 514 1106 553; x_wconf 90' lang='lat'>18.</span> <span class='ocrx_word' id='word_1_61' title='bbox 1130 514 1244 560; x_wconf 86' lang='lat' dir='ltr'>Quae</span> <span class='ocrx_word' id='word_1_62' title='bbox 1266 520 1308 552; x_wconf 93' lang='lat' dir='ltr'>vt</span> <span class='ocrx_word' id='word_1_63' title='bbox 1330 515 1384 552; x_wconf 92' lang='lat' dir='ltr'>ad</span> <span class='ocrx_word' id='word_1_64' title='bbox 1406 515 1618 553; x_wconf 90' lang='lat' dir='ltr'>Lucidam</span> <span class='ocrx_word' id='word_1_65' title='bbox 1638 522 1682 554; x_wconf 77' lang='lat' dir='ltr'>V</span> <span class='ocrx_word' id='word_1_66' title='bbox 1702 516 1771 554; x_wconf 91' lang='lat' dir='ltr'>de-</span> 
     </span>
     <span class='ocr_line' id='line_1_7' title="bbox 119 566 1770 616; baseline -0.001 -9"><span class='ocrx_word' id='word_1_67' title='bbox 119 569 312 612; x_wconf 88' lang='lat' dir='ltr'>ducatur,</span> <span class='ocrx_word' id='word_1_68' title='bbox 337 566 544 605; x_wconf 82' lang='lat' dir='ltr'>subtraho</span> <span class='ocrx_word' id='word_1_69' title='bbox 567 567 622 605; x_wconf 94' lang='lat' dir='ltr'>ab</span> <span class='ocrx_word' id='word_1_70' title='bbox 646 578 698 605; x_wconf 88' lang='lat' dir='ltr'>ea</span> <span class='ocrx_word' id='word_1_71' title='bbox 721 566 1015 605; x_wconf 85' lang='lat' dir='ltr'>differentiam</span> <span class='ocrx_word' id='word_1_72' title='bbox 1031 567 1305 605; x_wconf 83' lang='lat' dir='ltr'>Ascenfionis</span> <span class='ocrx_word' id='word_1_73' title='bbox 1321 568 1552 616; x_wconf 80' lang='lat' dir='ltr'>Vtriusque.</span> <span class='ocrx_word' id='word_1_74' title='bbox 1577 575 1683 616; x_wconf 91' lang='lat' dir='ltr'>part.</span> <span class='ocrx_word' id='word_1_75' title='bbox 1708 569 1770 607; x_wconf 88' lang='lat'>83.</span> 
     </span>
     <span class='ocr_line' id='line_1_8' title="bbox 118 619 1769 669; baseline 0.001 -9"><span class='ocrx_word' id='word_1_76' title='bbox 118 623 220 660; x_wconf 92' lang='lat' dir='ltr'>min.</span> <span class='ocrx_word' id='word_1_77' title='bbox 237 621 300 660; x_wconf 89' lang='lat'>57.</span> <span class='ocrx_word' id='word_1_78' title='bbox 319 619 363 669; x_wconf 86' lang='lat' dir='ltr'>ll.</span> <span class='ocrx_word' id='word_1_79' title='bbox 380 620 432 658; x_wconf 94' lang='lat'>20</span> <span class='ocrx_word' id='word_1_80' title='bbox 454 626 585 658; x_wconf 89' lang='lat' dir='ltr'>antea</span> <span class='ocrx_word' id='word_1_81' title='bbox 608 626 773 664; x_wconf 89' lang='lat' dir='ltr'>notam,</span> <span class='ocrx_word' id='word_1_82' title='bbox 798 620 836 658; x_wconf 87' lang='lat'>&amp;</span> <span class='ocrx_word' id='word_1_83' title='bbox 859 620 1028 659; x_wconf 88' lang='lat' dir='ltr'>refidua</span> <span class='ocrx_word' id='word_1_84' title='bbox 1052 623 1130 658; x_wconf 90' lang='lat' dir='ltr'>erit</span> <span class='ocrx_word' id='word_1_85' title='bbox 1151 621 1354 659; x_wconf 86' lang='lat' dir='ltr'>Ascenfio</span> <span class='ocrx_word' id='word_1_86' title='bbox 1376 620 1506 659; x_wconf 70' lang='lat' dir='ltr'>Rec‘ta</span> <span class='ocrx_word' id='word_1_87' title='bbox 1528 622 1704 660; x_wconf 85' lang='lat' dir='ltr'>Lucidae</span> <span class='ocrx_word' id='word_1_88' title='bbox 1724 629 1769 662; x_wconf 79' lang='lat' dir='ltr'>V</span> 
     </span>
     <span class='ocr_line' id='line_1_9' title="bbox 118 672 1767 724; baseline 0.001 -11"><span class='ocrx_word' id='word_1_89' title='bbox 118 679 223 724; x_wconf 87' lang='lat' dir='ltr'>part.</span> <span class='ocrx_word' id='word_1_90' title='bbox 233 674 296 713; x_wconf 90' lang='lat'>26.</span> <span class='ocrx_word' id='word_1_91' title='bbox 306 676 411 712; x_wconf 92' lang='lat' dir='ltr'>min.</span> <span class='ocrx_word' id='word_1_92' title='bbox 422 674 458 712; x_wconf 93' lang='grc' dir='ltr'>Ο.</span> <span class='ocrx_word' id='word_1_93' title='bbox 471 672 514 722; x_wconf 85' lang='lat' dir='ltr'>ll.</span> <span class='ocrx_word' id='word_1_94' title='bbox 525 673 588 712; x_wconf 88' lang='lat'>58.</span> <span class='ocrx_word' id='word_1_95' title='bbox 601 673 671 711; x_wconf 91' lang='lat' dir='ltr'>Ab</span> <span class='ocrx_word' id='word_1_96' title='bbox 683 673 766 712; x_wconf 90' lang='lat' dir='ltr'>hac</span> <span class='ocrx_word' id='word_1_97' title='bbox 778 685 858 722; x_wconf 91' lang='lat' dir='ltr'>pro</span> <span class='ocrx_word' id='word_1_98' title='bbox 869 674 1014 721; x_wconf 86' lang='lat' dir='ltr'>spacio</span> <span class='ocrx_word' id='word_1_99' title='bbox 1026 674 1218 712; x_wconf 90' lang='lat' dir='ltr'>duorum</span> <span class='ocrx_word' id='word_1_100' title='bbox 1229 676 1478 718; x_wconf 89' lang='lat' dir='ltr'>Annorum,</span> <span class='ocrx_word' id='word_1_101' title='bbox 1493 675 1713 713; x_wconf 88' lang='lat' dir='ltr'>Menfium</span> <span class='ocrx_word' id='word_1_102' title='bbox 1725 676 1767 715; x_wconf 53' lang='lat'>31</span> 
     </span>
     <span class='ocr_line' id='line_1_10' title="bbox 119 726 1770 776; baseline 0 -9"><span class='ocrx_word' id='word_1_103' title='bbox 119 727 334 767; x_wconf 90' lang='lat' dir='ltr'>demenda</span> <span class='ocrx_word' id='word_1_104' title='bbox 351 726 377 776; x_wconf 93' lang='grc' dir='ltr'>Ι.</span> <span class='ocrx_word' id='word_1_105' title='bbox 395 728 422 765; x_wconf 96' lang='grc'>1.</span> <span class='ocrx_word' id='word_1_106' title='bbox 441 726 484 775; x_wconf 85' lang='lat' dir='ltr'>ll.</span> <span class='ocrx_word' id='word_1_107' title='bbox 501 727 565 772; x_wconf 88' lang='lat'>52,</span> <span class='ocrx_word' id='word_1_108' title='bbox 587 727 626 765; x_wconf 85' lang='lat'>&amp;</span> <span class='ocrx_word' id='word_1_109' title='bbox 646 726 693 765; x_wconf 88' lang='lat' dir='ltr'>fit</span> <span class='ocrx_word' id='word_1_110' title='bbox 708 727 912 765; x_wconf 88' lang='lat' dir='ltr'>Ascenfio</span> <span class='ocrx_word' id='word_1_111' title='bbox 934 726 1064 766; x_wconf 70' lang='lat' dir='ltr'>Recta</span> <span class='ocrx_word' id='word_1_112' title='bbox 1081 728 1259 766; x_wconf 82' lang='lat' dir='ltr'>Lucidae</span> <span class='ocrx_word' id='word_1_113' title='bbox 1279 734 1324 767; x_wconf 76' lang='lat' dir='ltr'>V</span> <span class='ocrx_word' id='word_1_114' title='bbox 1343 734 1449 776; x_wconf 91' lang='lat' dir='ltr'>part.</span> <span class='ocrx_word' id='word_1_115' title='bbox 1467 728 1530 766; x_wconf 88' lang='lat'>25.</span> <span class='ocrx_word' id='word_1_116' title='bbox 1549 727 1574 776; x_wconf 83' lang='lat' dir='ltr'>l.</span> <span class='ocrx_word' id='word_1_117' title='bbox 1593 729 1654 767; x_wconf 88' lang='lat'>59.</span> <span class='ocrx_word' id='word_1_118' title='bbox 1674 728 1716 776; x_wconf 82' lang='lat' dir='ltr'>ll.</span> <span class='ocrx_word' id='word_1_119' title='bbox 1734 730 1770 772; x_wconf 86' lang='lat'>6.</span> 
     </span>
     <span class='ocr_line' id='line_1_11' title="bbox 55 780 1769 829; baseline -0.001 -7"><span class='ocrx_word' id='word_1_120' title='bbox 55 796 84 822; x_wconf 87' lang='grc' dir='ltr'>ιο</span> <span class='ocrx_word' id='word_1_121' title='bbox 119 781 173 821; x_wconf 92' lang='lat' dir='ltr'>ad</span> <span class='ocrx_word' id='word_1_122' title='bbox 187 782 373 820; x_wconf 90' lang='lat' dir='ltr'>Annum</span> <span class='ocrx_word' id='word_1_123' title='bbox 389 780 625 819; x_wconf 91' lang='lat' dir='ltr'>CHRISTI</span> <span class='ocrx_word' id='word_1_124' title='bbox 641 781 736 819; x_wconf 89' lang='lat'>1585</span> <span class='ocrx_word' id='word_1_125' title='bbox 753 781 1033 829; x_wconf 92' lang='lat' dir='ltr'>completum.</span> <span class='ocrx_word' id='word_1_126' title='bbox 1055 782 1113 819; x_wconf 83' lang='lat' dir='ltr'>At</span> <span class='ocrx_word' id='word_1_127' title='bbox 1128 781 1257 829; x_wconf 85' lang='lat' dir='ltr'>supra</span> <span class='ocrx_word' id='word_1_128' title='bbox 1274 793 1327 819; x_wconf 85' lang='lat' dir='ltr'>ex</span> <span class='ocrx_word' id='word_1_129' title='bbox 1343 783 1478 819; x_wconf 91' lang='lat' dir='ltr'>Anno</span> <span class='ocrx_word' id='word_1_130' title='bbox 1496 782 1602 826; x_wconf 90' lang='lat'>1587,</span> <span class='ocrx_word' id='word_1_131' title='bbox 1623 783 1663 820; x_wconf 92' lang='lat'>17</span> <span class='ocrx_word' id='word_1_132' title='bbox 1680 784 1769 820; x_wconf 92' lang='lat' dir='ltr'>Au-</span> 
     </span>
     <span class='ocr_line' id='line_1_12' title="bbox 119 834 1769 884; baseline 0.001 -12"><span class='ocrx_word' id='word_1_133' title='bbox 119 834 220 884; x_wconf 82' lang='lat' dir='ltr'>gusti</span> <span class='ocrx_word' id='word_1_134' title='bbox 231 834 311 873; x_wconf 85' lang='lat' dir='ltr'>fuit</span> <span class='ocrx_word' id='word_1_135' title='bbox 321 834 378 873; x_wconf 90' lang='lat' dir='ltr'>ad</span> <span class='ocrx_word' id='word_1_136' title='bbox 387 834 579 873; x_wconf 91' lang='lat' dir='ltr'>eundem</span> <span class='ocrx_word' id='word_1_137' title='bbox 588 835 774 872; x_wconf 92' lang='lat' dir='ltr'>Annum</span> <span class='ocrx_word' id='word_1_138' title='bbox 783 834 878 873; x_wconf 92' lang='lat'>1585</span> <span class='ocrx_word' id='word_1_139' title='bbox 888 834 1026 873; x_wconf 89' lang='lat' dir='ltr'>relata</span> <span class='ocrx_word' id='word_1_140' title='bbox 1035 835 1228 873; x_wconf 82' lang='lat' dir='ltr'>eiusdem</span> <span class='ocrx_word' id='word_1_141' title='bbox 1237 835 1440 873; x_wconf 84' lang='lat' dir='ltr'>Ascenfio</span> <span class='ocrx_word' id='word_1_142' title='bbox 1450 834 1580 873; x_wconf 61' lang='lat' dir='ltr'>Recta</span> <span class='ocrx_word' id='word_1_143' title='bbox 1589 842 1695 883; x_wconf 89' lang='lat' dir='ltr'>part.</span> <span class='ocrx_word' id='word_1_144' title='bbox 1707 836 1769 873; x_wconf 90' lang='lat'>26.</span> 
     </span>
     <span class='ocr_line' id='line_1_13' title="bbox 119 886 1769 936; baseline 0 -9"><span class='ocrx_word' id='word_1_145' title='bbox 119 890 222 927; x_wconf 90' lang='lat' dir='ltr'>min.</span> <span class='ocrx_word' id='word_1_146' title='bbox 238 889 265 926; x_wconf 94' lang='lat'>1.</span> <span class='ocrx_word' id='word_1_147' title='bbox 288 886 332 936; x_wconf 84' lang='lat' dir='ltr'>ll.</span> <span class='ocrx_word' id='word_1_148' title='bbox 349 889 376 932; x_wconf 94' lang='lat' dir='ltr'>l,</span> <span class='ocrx_word' id='word_1_149' title='bbox 398 887 645 926; x_wconf 81' lang='lat' dir='ltr'>differentia</span> <span class='ocrx_word' id='word_1_150' title='bbox 664 887 885 935; x_wconf 82' lang='lat' dir='ltr'>Vtriusque</span> <span class='ocrx_word' id='word_1_151' title='bbox 906 890 1010 926; x_wconf 90' lang='lat' dir='ltr'>min.</span> <span class='ocrx_word' id='word_1_152' title='bbox 1029 889 1055 926; x_wconf 92' lang='lat'>1.</span> <span class='ocrx_word' id='word_1_153' title='bbox 1075 887 1118 936; x_wconf 83' lang='lat' dir='ltr'>ll.</span> <span class='ocrx_word' id='word_1_154' title='bbox 1135 889 1199 932; x_wconf 88' lang='lat'>55,</span> <span class='ocrx_word' id='word_1_155' title='bbox 1224 889 1455 926; x_wconf 92' lang='lat' dir='ltr'>dimidium</span> <span class='ocrx_word' id='word_1_156' title='bbox 1476 888 1637 926; x_wconf 86' lang='lat' dir='ltr'>horum</span> <span class='ocrx_word' id='word_1_157' title='bbox 1658 889 1708 927; x_wconf 92' lang='lat'>58</span> <span class='ocrx_word' id='word_1_158' title='bbox 1727 888 1769 936; x_wconf 79' lang='lat' dir='ltr'>ll.</span> 
     </span>
     <span class='ocr_line' id='line_1_14' title="bbox 119 940 1769 986; baseline 0 -6"><span class='ocrx_word' id='word_1_159' title='bbox 119 940 314 981; x_wconf 69' lang='grc' dir='ltr'>ὶιωέὶιιω</span> <span class='ocrx_word' id='word_1_160' title='bbox 333 943 496 979; x_wconf 89' lang='lat' dir='ltr'>minori</span> <span class='ocrx_word' id='word_1_161' title='bbox 514 941 766 979; x_wconf 83' lang='lat' dir='ltr'>Ascenfioni</span> <span class='ocrx_word' id='word_1_162' title='bbox 787 940 942 986; x_wconf 72' lang='lat' dir='ltr'>Rectae,</span> <span class='ocrx_word' id='word_1_163' title='bbox 963 941 1170 980; x_wconf 80' lang='lat' dir='ltr'>monstrat</span> <span class='ocrx_word' id='word_1_164' title='bbox 1190 954 1342 980; x_wconf 88' lang='lat' dir='ltr'>veram</span> <span class='ocrx_word' id='word_1_165' title='bbox 1358 942 1666 980; x_wconf 86' lang='lat' dir='ltr'>Ascenfionem</span> <span class='ocrx_word' id='word_1_166' title='bbox 1687 943 1769 980; x_wconf 93' lang='lat' dir='ltr'>Lu-</span> 
     </span>
     <span class='ocr_line' id='line_1_15' title="bbox 120 993 1202 1044; baseline -0.001 -10"><span class='ocrx_word' id='word_1_167' title='bbox 120 995 226 1034; x_wconf 82' lang='lat' dir='ltr'>cidae</span> <span class='ocrx_word' id='word_1_168' title='bbox 244 1001 290 1036; x_wconf 73' lang='lat' dir='ltr'>V</span> <span class='ocrx_word' id='word_1_169' title='bbox 307 1000 415 1044; x_wconf 89' lang='lat' dir='ltr'>part.</span> <span class='ocrx_word' id='word_1_170' title='bbox 432 995 495 1033; x_wconf 90' lang='lat'>26.</span> <span class='ocrx_word' id='word_1_171' title='bbox 514 993 540 1043; x_wconf 87' lang='grc' dir='ltr'>Ι.</span> <span class='ocrx_word' id='word_1_172' title='bbox 557 995 593 1033; x_wconf 95' lang='grc' dir='ltr'>Ο.</span> <span class='ocrx_word' id='word_1_173' title='bbox 613 993 656 1043; x_wconf 85' lang='lat' dir='ltr'>ll.</span> <span class='ocrx_word' id='word_1_174' title='bbox 673 995 710 1040; x_wconf 87' lang='lat'>4,</span> <span class='ocrx_word' id='word_1_175' title='bbox 728 1007 864 1043; x_wconf 93' lang='lat' dir='ltr'>quam</span> <span class='ocrx_word' id='word_1_176' title='bbox 880 996 1202 1043; x_wconf 85' lang='lat' dir='ltr'>quaerebamus.</span> 
     </span>
    </p>
   </div>
   <div class='ocr_carea' id='block_1_3' title="bbox 55 1111 1708 1338">
    <p class='ocr_par' dir='ltr' id='par_1_3' title="bbox 55 1111 1708 1338">
     <span class='ocr_line' id='line_1_16' title="bbox 55 1111 1708 1217; baseline -0.001 -5"><span class='ocrx_word' id='word_1_177' title='bbox 55 1125 85 1151; x_wconf 66' lang='grc'>15</span> <span class='ocrx_word' id='word_1_178' title='bbox 177 1173 254 1212; x_wconf 90' lang='lat' dir='ltr'>EX</span> <span class='ocrx_word' id='word_1_179' title='bbox 275 1173 834 1213; x_wconf 91' lang='lat' dir='ltr'>OBSERUATIONIBUS</span> <span class='ocrx_word' id='word_1_180' title='bbox 855 1111 1033 1212; x_wconf 33' lang='lat' dir='ltr'>Aga-TO</span> <span class='ocrx_word' id='word_1_181' title='bbox 1056 1173 1162 1217; x_wconf 90' lang='lat'>1587,</span> <span class='ocrx_word' id='word_1_182' title='bbox 1185 1173 1285 1211; x_wconf 87' lang='lat' dir='ltr'>DIE</span> <span class='ocrx_word' id='word_1_183' title='bbox 1306 1174 1347 1212; x_wconf 91' lang='lat'>18</span> <span class='ocrx_word' id='word_1_184' title='bbox 1368 1173 1648 1217; x_wconf 87' lang='lat' dir='ltr'>AUGUSTI,</span> <span class='ocrx_word' id='word_1_185' title='bbox 1672 1174 1708 1211; x_wconf 88' lang='lat'>&amp;</span> 
     </span>
     <span class='ocr_line' id='line_1_17' title="bbox 275 1235 1609 1282; baseline -0.001 -7"><span class='ocrx_word' id='word_1_186' title='bbox 275 1236 453 1275; x_wconf 90' lang='lat' dir='ltr'>ANNO</span> <span class='ocrx_word' id='word_1_187' title='bbox 474 1236 582 1281; x_wconf 89' lang='lat'>1588,</span> <span class='ocrx_word' id='word_1_188' title='bbox 603 1236 655 1275; x_wconf 93' lang='lat'>28</span> <span class='ocrx_word' id='word_1_189' title='bbox 675 1236 887 1282; x_wconf 90' lang='lat' dir='ltr'>MARTIJ</span> <span class='ocrx_word' id='word_1_190' title='bbox 909 1235 1129 1279; x_wconf 87' lang='lat' dir='ltr'>FACTIS,</span> <span class='ocrx_word' id='word_1_191' title='bbox 1154 1236 1216 1273; x_wconf 93' lang='lat' dir='ltr'>IN</span> <span class='ocrx_word' id='word_1_192' title='bbox 1238 1235 1609 1274; x_wconf 91' lang='lat' dir='ltr'>ALTITUDINE</span> 
     </span>
     <span class='ocr_line' id='line_1_18' title="bbox 453 1298 1430 1338; baseline -0.001 -1"><span class='ocrx_word' id='word_1_193' title='bbox 453 1298 614 1338; x_wconf 92' lang='lat' dir='ltr'>SOLIS</span> <span class='ocrx_word' id='word_1_194' title='bbox 635 1299 677 1337; x_wconf 92' lang='lat'>10</span> <span class='ocrx_word' id='word_1_195' title='bbox 697 1298 860 1337; x_wconf 88' lang='lat' dir='ltr'>PART.</span> <span class='ocrx_word' id='word_1_196' title='bbox 882 1298 1038 1336; x_wconf 89' lang='lat' dir='ltr'>IDEM</span> <span class='ocrx_word' id='word_1_197' title='bbox 1059 1298 1430 1336; x_wconf 87' lang='lat' dir='ltr'>ATTENTARE.</span> 
     </span>
    </p>
   </div>
   <div class='ocr_carea' id='block_1_4' title="bbox 53 1369 1769 2276">
    <p class='ocr_par' dir='ltr' id='par_1_4' title="bbox 53 1369 1769 2276">
     <span class='ocr_line' id='line_1_19' title="bbox 187 1369 1767 1419; baseline -0.001 -11"><span class='ocrx_word' id='word_1_198' title='bbox 187 1369 319 1409; x_wconf 93' lang='lat' dir='ltr'>NNO</span> <span class='ocrx_word' id='word_1_199' title='bbox 336 1369 443 1415; x_wconf 90' lang='lat'>1587,</span> <span class='ocrx_word' id='word_1_200' title='bbox 461 1369 546 1408; x_wconf 91' lang='lat' dir='ltr'>Die</span> <span class='ocrx_word' id='word_1_201' title='bbox 562 1370 605 1409; x_wconf 92' lang='lat'>18</span> <span class='ocrx_word' id='word_1_202' title='bbox 620 1370 802 1419; x_wconf 83' lang='lat' dir='ltr'>Augusti</span> <span class='ocrx_word' id='word_1_203' title='bbox 818 1370 929 1408; x_wconf 90' lang='lat' dir='ltr'>Hor.</span> <span class='ocrx_word' id='word_1_204' title='bbox 942 1370 978 1408; x_wconf 89' lang='lat'>4.</span> <span class='ocrx_word' id='word_1_205' title='bbox 997 1370 1060 1408; x_wconf 90' lang='lat' dir='ltr'>M.</span> <span class='ocrx_word' id='word_1_206' title='bbox 1073 1370 1108 1408; x_wconf 89' lang='lat'>6.</span> <span class='ocrx_word' id='word_1_207' title='bbox 1126 1370 1179 1407; x_wconf 93' lang='lat' dir='ltr'>A.</span> <span class='ocrx_word' id='word_1_208' title='bbox 1193 1370 1256 1407; x_wconf 91' lang='lat' dir='ltr'>M.</span> <span class='ocrx_word' id='word_1_209' title='bbox 1274 1369 1488 1408; x_wconf 88' lang='lat' dir='ltr'>Distantia</span> <span class='ocrx_word' id='word_1_210' title='bbox 1503 1372 1614 1408; x_wconf 89' lang='lat' dir='ltr'>inter</span> <span class='ocrx_word' id='word_1_211' title='bbox 1628 1370 1767 1408; x_wconf 90' lang='lat' dir='ltr'>Vene-</span> 
     </span>
     <span class='ocr_line' id='line_1_20' title="bbox 53 1423 1769 1472; baseline -0.001 -10"><span class='ocrx_word' id='word_1_212' title='bbox 53 1436 85 1462; x_wconf 86' lang='lat'>20</span> <span class='ocrx_word' id='word_1_213' title='bbox 236 1434 329 1462; x_wconf 89' lang='lat' dir='ltr'>rem</span> <span class='ocrx_word' id='word_1_214' title='bbox 352 1423 391 1462; x_wconf 73' lang='lat'>81</span> <span class='ocrx_word' id='word_1_215' title='bbox 414 1423 630 1462; x_wconf 88' lang='lat' dir='ltr'>Lucidum</span> <span class='ocrx_word' id='word_1_216' title='bbox 652 1424 810 1472; x_wconf 90' lang='lat' dir='ltr'>pedem</span> <span class='ocrx_word' id='word_1_217' title='bbox 834 1426 869 1467; x_wconf 83' lang='grc' dir='ltr'>Π</span> <span class='ocrx_word' id='word_1_218' title='bbox 892 1429 1000 1472; x_wconf 91' lang='lat' dir='ltr'>part.</span> <span class='ocrx_word' id='word_1_219' title='bbox 1022 1423 1085 1461; x_wconf 88' lang='lat'>33.</span> <span class='ocrx_word' id='word_1_220' title='bbox 1106 1426 1212 1461; x_wconf 90' lang='lat' dir='ltr'>min.</span> <span class='ocrx_word' id='word_1_221' title='bbox 1234 1424 1287 1462; x_wconf 92' lang='lat'>17.</span> <span class='ocrx_word' id='word_1_222' title='bbox 1315 1423 1564 1462; x_wconf 90' lang='lat' dir='ltr'>Declinatio</span> <span class='ocrx_word' id='word_1_223' title='bbox 1585 1423 1769 1461; x_wconf 91' lang='lat' dir='ltr'>Veneris</span> 
     </span>
     <span class='ocr_line' id='line_1_21' title="bbox 119 1477 1767 1525; baseline 0 -10"><span class='ocrx_word' id='word_1_224' title='bbox 119 1482 224 1524; x_wconf 89' lang='lat' dir='ltr'>part.</span> <span class='ocrx_word' id='word_1_225' title='bbox 236 1477 289 1516; x_wconf 89' lang='lat'>19.</span> <span class='ocrx_word' id='word_1_226' title='bbox 301 1479 406 1515; x_wconf 92' lang='lat' dir='ltr'>min.</span> <span class='ocrx_word' id='word_1_227' title='bbox 419 1477 461 1515; x_wconf 91' lang='lat'>13</span> <span class='ocrx_word' id='word_1_228' title='bbox 473 1477 628 1516; x_wconf 91' lang='lat' dir='ltr'>Borea.</span> <span class='ocrx_word' id='word_1_229' title='bbox 645 1478 844 1516; x_wconf 85' lang='lat' dir='ltr'>Altitudo</span> <span class='ocrx_word' id='word_1_230' title='bbox 857 1479 952 1516; x_wconf 88' lang='lat' dir='ltr'>eius</span> <span class='ocrx_word' id='word_1_231' title='bbox 964 1478 1004 1516; x_wconf 94' lang='lat'>15</span> <span class='ocrx_word' id='word_1_232' title='bbox 1016 1483 1124 1525; x_wconf 90' lang='lat' dir='ltr'>part.</span> <span class='ocrx_word' id='word_1_233' title='bbox 1142 1477 1391 1515; x_wconf 87' lang='lat' dir='ltr'>Declinatio</span> <span class='ocrx_word' id='word_1_234' title='bbox 1404 1477 1525 1525; x_wconf 91' lang='lat' dir='ltr'>pedis</span> <span class='ocrx_word' id='word_1_235' title='bbox 1542 1480 1576 1521; x_wconf 79' lang='grc' dir='ltr'>Π</span> <span class='ocrx_word' id='word_1_236' title='bbox 1594 1483 1700 1525; x_wconf 91' lang='lat' dir='ltr'>part.</span> <span class='ocrx_word' id='word_1_237' title='bbox 1715 1478 1767 1515; x_wconf 92' lang='lat'>16.</span> 
     </span>
     <span class='ocr_line' id='line_1_22' title="bbox 119 1530 425 1571; baseline 0.003 -3"><span class='ocrx_word' id='word_1_238' title='bbox 119 1531 221 1568; x_wconf 90' lang='lat' dir='ltr'>min.</span> <span class='ocrx_word' id='word_1_239' title='bbox 236 1530 311 1571; x_wconf 49' lang='lat'>40}</span> <span class='ocrx_word' id='word_1_240' title='bbox 325 1531 425 1569; x_wconf 90' lang='lat' dir='ltr'>Bor.</span> 
     </span>
     <span class='ocr_line' id='line_1_23' title="bbox 171 1583 1766 1633; baseline -0.001 -11"><span class='ocrx_word' id='word_1_241' title='bbox 171 1583 320 1631; x_wconf 88' lang='lat' dir='ltr'>Quare</span> <span class='ocrx_word' id='word_1_242' title='bbox 340 1586 386 1622; x_wconf 93' lang='lat' dir='ltr'>in</span> <span class='ocrx_word' id='word_1_243' title='bbox 406 1583 490 1623; x_wconf 89' lang='lat' dir='ltr'>hac</span> <span class='ocrx_word' id='word_1_244' title='bbox 510 1585 714 1633; x_wconf 88' lang='lat' dir='ltr'>assignata</span> <span class='ocrx_word' id='word_1_245' title='bbox 734 1585 1014 1633; x_wconf 87' lang='lat' dir='ltr'>Figuratione</span> <span class='ocrx_word' id='word_1_246' title='bbox 1035 1584 1082 1622; x_wconf 85' lang='lat' dir='ltr'>fit</span> <span class='ocrx_word' id='word_1_247' title='bbox 1103 1585 1136 1622; x_wconf 91' lang='lat' dir='ltr'>B</span> <span class='ocrx_word' id='word_1_248' title='bbox 1158 1584 1349 1622; x_wconf 92' lang='lat' dir='ltr'>Lucidus</span> <span class='ocrx_word' id='word_1_249' title='bbox 1369 1596 1445 1632; x_wconf 86' lang='lat' dir='ltr'>pes</span> <span class='ocrx_word' id='word_1_250' title='bbox 1469 1587 1523 1627; x_wconf 79' lang='grc' dir='ltr'>Π.</span> <span class='ocrx_word' id='word_1_251' title='bbox 1546 1584 1583 1622; x_wconf 91' lang='lat' dir='ltr'>C</span> <span class='ocrx_word' id='word_1_252' title='bbox 1604 1584 1766 1622; x_wconf 89' lang='lat' dir='ltr'>Venus.</span> 
     </span>
     <span class='ocr_line' id='line_1_24' title="bbox 120 1635 1766 1686; baseline 0 -11"><span class='ocrx_word' id='word_1_253' title='bbox 120 1635 169 1675; x_wconf 92' lang='lat' dir='ltr'>In</span> <span class='ocrx_word' id='word_1_254' title='bbox 183 1636 421 1686; x_wconf 84' lang='lat' dir='ltr'>Triangulo</span> <span class='ocrx_word' id='word_1_255' title='bbox 437 1638 566 1677; x_wconf 92' lang='lat' dir='ltr'>BAC</span> <span class='ocrx_word' id='word_1_256' title='bbox 582 1641 797 1686; x_wconf 89' lang='lat' dir='ltr'>quoniam</span> <span class='ocrx_word' id='word_1_257' title='bbox 816 1639 917 1676; x_wconf 90' lang='lat' dir='ltr'>data</span> <span class='ocrx_word' id='word_1_258' title='bbox 933 1638 1029 1676; x_wconf 84' lang='lat' dir='ltr'>[unt</span> <span class='ocrx_word' id='word_1_259' title='bbox 1045 1639 1127 1676; x_wconf 84' lang='lat' dir='ltr'>tria</span> <span class='ocrx_word' id='word_1_260' title='bbox 1143 1638 1312 1681; x_wconf 87' lang='lat' dir='ltr'>Latera,</span> <span class='ocrx_word' id='word_1_261' title='bbox 1330 1638 1425 1680; x_wconf 86' lang='lat' dir='ltr'>BA.</span> <span class='ocrx_word' id='word_1_262' title='bbox 1442 1643 1549 1685; x_wconf 87' lang='lat' dir='ltr'>part.</span> <span class='ocrx_word' id='word_1_263' title='bbox 1567 1637 1629 1675; x_wconf 87' lang='lat'>73.</span> <span class='ocrx_word' id='word_1_264' title='bbox 1648 1636 1673 1685; x_wconf 85' lang='lat' dir='ltr'>l.</span> <span class='ocrx_word' id='word_1_265' title='bbox 1691 1638 1766 1681; x_wconf 66' lang='lat'>191,</span> 
     </span>
     <span class='ocr_line' id='line_1_25' title="bbox 54 1689 1767 1740; baseline 0 -12"><span class='ocrx_word' id='word_1_266' title='bbox 54 1703 86 1729; x_wconf 83' lang='lat'>2⁵</span> <span class='ocrx_word' id='word_1_267' title='bbox 121 1689 505 1739; x_wconf 78' lang='lat' dir='ltr'>complementum</span> <span class='ocrx_word' id='word_1_268' title='bbox 521 1692 674 1731; x_wconf 92' lang='lat' dir='ltr'>Lucidi</span> <span class='ocrx_word' id='word_1_269' title='bbox 690 1692 812 1740; x_wconf 88' lang='lat' dir='ltr'>pedis</span> <span class='ocrx_word' id='word_1_270' title='bbox 832 1695 886 1735; x_wconf 82' lang='grc' dir='ltr'>Π.</span> <span class='ocrx_word' id='word_1_271' title='bbox 906 1692 1003 1735; x_wconf 92' lang='lat' dir='ltr'>CA,</span> <span class='ocrx_word' id='word_1_272' title='bbox 1021 1692 1063 1729; x_wconf 91' lang='lat' dir='ltr'>P.</span> <span class='ocrx_word' id='word_1_273' title='bbox 1077 1692 1138 1729; x_wconf 94' lang='lat'>70.</span> <span class='ocrx_word' id='word_1_274' title='bbox 1154 1690 1179 1739; x_wconf 92' lang='grc' dir='ltr'>Ι.</span> <span class='ocrx_word' id='word_1_275' title='bbox 1192 1691 1254 1735; x_wconf 87' lang='lat'>47,</span> <span class='ocrx_word' id='word_1_276' title='bbox 1273 1691 1662 1739; x_wconf 87' lang='lat' dir='ltr'>Complementum</span> <span class='ocrx_word' id='word_1_277' title='bbox 1681 1691 1767 1728; x_wconf 93' lang='lat' dir='ltr'>De-</span> 
     </span>
     <span class='ocr_line' id='line_1_26' title="bbox 120 1743 1232 1794; baseline 0 -12"><span class='ocrx_word' id='word_1_278' title='bbox 120 1743 364 1783; x_wconf 89' lang='lat' dir='ltr'>clinationis</span> <span class='ocrx_word' id='word_1_279' title='bbox 374 1745 570 1784; x_wconf 89' lang='lat' dir='ltr'>Veneris.</span> <span class='ocrx_word' id='word_1_280' title='bbox 588 1746 681 1790; x_wconf 92' lang='lat' dir='ltr'>BC,</span> <span class='ocrx_word' id='word_1_281' title='bbox 698 1746 741 1784; x_wconf 91' lang='lat' dir='ltr'>P.</span> <span class='ocrx_word' id='word_1_282' title='bbox 754 1746 817 1784; x_wconf 85' lang='lat'>33.</span> <span class='ocrx_word' id='word_1_283' title='bbox 833 1744 857 1794; x_wconf 83' lang='lat' dir='ltr'>l.</span> <span class='ocrx_word' id='word_1_284' title='bbox 871 1746 925 1789; x_wconf 88' lang='lat'>17,</span> <span class='ocrx_word' id='word_1_285' title='bbox 943 1745 1158 1783; x_wconf 85' lang='lat' dir='ltr'>Distantia</span> <span class='ocrx_word' id='word_1_286' title='bbox 1170 1747 1232 1782; x_wconf 92' lang='lat' dir='ltr'>in-</span> 
     </span>
     <span class='ocr_line' id='line_1_27' title="bbox 119 1782 1544 1847; baseline 0.001 -12"><span class='ocrx_word' id='word_1_287' title='bbox 119 1802 181 1836; x_wconf 89' lang='lat' dir='ltr'>ter</span> <span class='ocrx_word' id='word_1_288' title='bbox 189 1797 406 1837; x_wconf 89' lang='lat' dir='ltr'>Venerem</span> <span class='ocrx_word' id='word_1_289' title='bbox 417 1798 456 1837; x_wconf 85' lang='lat'>&amp;</span> <span class='ocrx_word' id='word_1_290' title='bbox 468 1799 684 1838; x_wconf 91' lang='lat' dir='ltr'>Lucidum</span> <span class='ocrx_word' id='word_1_291' title='bbox 701 1802 736 1843; x_wconf 77' lang='grc' dir='ltr'>Π</span> <span class='ocrx_word' id='word_1_292' title='bbox 753 1800 923 1847; x_wconf 89' lang='lat' dir='ltr'>pedem.</span> <span class='ocrx_word' id='word_1_293' title='bbox 942 1799 1054 1846; x_wconf 90' lang='lat' dir='ltr'>Ergo</span> <span class='ocrx_word' id='word_1_294' title='bbox 1067 1810 1119 1836; x_wconf 84' lang='lat' dir='ltr'>ex</span> <span class='ocrx_word' id='word_1_295' title='bbox 1132 1810 1232 1846; x_wconf 92' lang='lat' dir='ltr'>ope·</span> <span class='ocrx_word' id='word_1_296' title='bbox 1500 1782 1544 1827; x_wconf 78' lang='grc' dir='ltr'>Α</span> 
     </span>
     <span class='ocr_line' id='line_1_28' title="bbox 120 1851 1231 1901; baseline 0.001 -13"><span class='ocrx_word' id='word_1_297' title='bbox 120 1853 285 1890; x_wconf 87' lang='lat' dir='ltr'>ratione</span> <span class='ocrx_word' id='word_1_298' title='bbox 296 1851 430 1891; x_wconf 88' lang='lat' dir='ltr'>latere</span> <span class='ocrx_word' id='word_1_299' title='bbox 442 1864 534 1891; x_wconf 93' lang='lat' dir='ltr'>non</span> <span class='ocrx_word' id='word_1_300' title='bbox 545 1853 896 1901; x_wconf 89' lang='lat' dir='ltr'>potuitAngulus</span> <span class='ocrx_word' id='word_1_301' title='bbox 908 1852 1040 1896; x_wconf 89' lang='lat' dir='ltr'>BAC,</span> <span class='ocrx_word' id='word_1_302' title='bbox 1054 1858 1160 1900; x_wconf 90' lang='lat' dir='ltr'>part.</span> <span class='ocrx_word' id='word_1_303' title='bbox 1169 1852 1231 1889; x_wconf 84' lang='lat'>34.</span> 
     </span>
     <span class='ocr_line' id='line_1_29' title="bbox 122 1902 1232 1954; baseline -0.001 -11"><span class='ocrx_word' id='word_1_304' title='bbox 122 1902 217 1952; x_wconf 83' lang='lat' dir='ltr'>l.56.</span> <span class='ocrx_word' id='word_1_305' title='bbox 228 1903 272 1953; x_wconf 88' lang='lat' dir='ltr'>ll.</span> <span class='ocrx_word' id='word_1_306' title='bbox 281 1905 335 1950; x_wconf 89' lang='lat'>21,</span> <span class='ocrx_word' id='word_1_307' title='bbox 348 1906 577 1945; x_wconf 89' lang='lat' dir='ltr'>dimetiens</span> <span class='ocrx_word' id='word_1_308' title='bbox 589 1909 878 1954; x_wconf 90' lang='lat' dir='ltr'>quantitatem</span> <span class='ocrx_word' id='word_1_309' title='bbox 890 1905 1147 1944; x_wconf 83' lang='lat' dir='ltr'>differentiae</span> <span class='ocrx_word' id='word_1_310' title='bbox 1158 1905 1232 1942; x_wconf 87' lang='lat' dir='ltr'>As-</span> 
     </span>
     <span class='ocr_line' id='line_1_30' title="bbox 55 1957 1231 2007; baseline 0.001 -12"><span class='ocrx_word' id='word_1_311' title='bbox 55 1968 87 1995; x_wconf 72' lang='lat'>30</span> <span class='ocrx_word' id='word_1_312' title='bbox 121 1957 328 1997; x_wconf 83' lang='lat' dir='ltr'>cenfionis</span> <span class='ocrx_word' id='word_1_313' title='bbox 352 1959 535 1998; x_wconf 88' lang='lat' dir='ltr'>Veneris</span> <span class='ocrx_word' id='word_1_314' title='bbox 561 1959 599 1998; x_wconf 87' lang='lat'>&amp;</span> <span class='ocrx_word' id='word_1_315' title='bbox 624 1961 869 1999; x_wconf 90' lang='lat' dir='ltr'>Lucidioris</span> <span class='ocrx_word' id='word_1_316' title='bbox 895 1962 940 1997; x_wconf 92' lang='lat' dir='ltr'>in</span> <span class='ocrx_word' id='word_1_317' title='bbox 965 1959 1148 2007; x_wconf 92' lang='lat' dir='ltr'>pedibus</span> <span class='ocrx_word' id='word_1_318' title='bbox 1177 1961 1231 2001; x_wconf 82' lang='grc' dir='ltr'>Π.</span> 
     </span>
     <span class='ocr_line' id='line_1_31' title="bbox 121 2010 1232 2060; baseline -0.001 -10"><span class='ocrx_word' id='word_1_319' title='bbox 121 2010 321 2060; x_wconf 89' lang='lat' dir='ltr'>Cumque</span> <span class='ocrx_word' id='word_1_320' title='bbox 336 2016 362 2056; x_wconf 71' lang='grc' dir='ltr'><strong>Ω</strong></span> <span class='ocrx_word' id='word_1_321' title='bbox 377 2012 462 2051; x_wconf 91' lang='lat' dir='ltr'>hoc</span> <span class='ocrx_word' id='word_1_322' title='bbox 473 2014 559 2052; x_wconf 92' lang='lat' dir='ltr'>Die</span> <span class='ocrx_word' id='word_1_323' title='bbox 576 2026 667 2052; x_wconf 92' lang='lat' dir='ltr'>non</span> <span class='ocrx_word' id='word_1_324' title='bbox 684 2014 730 2052; x_wconf 89' lang='lat' dir='ltr'>fit</span> <span class='ocrx_word' id='word_1_325' title='bbox 743 2026 770 2052; x_wconf 92' lang='lat' dir='ltr'>a</span> <span class='ocrx_word' id='word_1_326' title='bbox 784 2013 884 2052; x_wconf 91' lang='lat' dir='ltr'>Sole</span> <span class='ocrx_word' id='word_1_327' title='bbox 901 2013 1142 2055; x_wconf 84' lang='lat' dir='ltr'>obseruata,</span> <span class='ocrx_word' id='word_1_328' title='bbox 1159 2014 1232 2059; x_wconf 90' lang='lat' dir='ltr'>igi-</span> 
     </span>
     <span class='ocr_line' id='line_1_32' title="bbox 120 2066 1232 2106; baseline 0.001 -4"><span class='ocrx_word' id='word_1_329' title='bbox 120 2069 188 2102; x_wconf 84' lang='lat' dir='ltr'>tur</span> <span class='ocrx_word' id='word_1_330' title='bbox 202 2076 255 2104; x_wconf 84' lang='lat' dir='ltr'>ex</span> <span class='ocrx_word' id='word_1_331' title='bbox 269 2066 739 2106; x_wconf 90' lang='lat' dir='ltr'>Animaduerfionibus</span> <span class='ocrx_word' id='word_1_332' title='bbox 756 2070 849 2105; x_wconf 91' lang='lat' dir='ltr'>eius</span> <span class='ocrx_word' id='word_1_333' title='bbox 866 2067 921 2105; x_wconf 92' lang='lat' dir='ltr'>ad</span> <span class='ocrx_word' id='word_1_334' title='bbox 939 2067 1071 2104; x_wconf 91' lang='lat' dir='ltr'>Diem</span> <span class='ocrx_word' id='word_1_335' title='bbox 1088 2066 1128 2104; x_wconf 96' lang='lat'>17</span> <span class='ocrx_word' id='word_1_336' title='bbox 1143 2066 1232 2103; x_wconf 91' lang='lat' dir='ltr'>Au-</span> 
     </span>
     <span class='ocr_line' id='line_1_33' title="bbox 120 2117 1089 2168; baseline 0.001 -12"><span class='ocrx_word' id='word_1_337' title='bbox 120 2117 221 2166; x_wconf 79' lang='lat' dir='ltr'>gusti</span> <span class='ocrx_word' id='word_1_338' title='bbox 236 2118 406 2165; x_wconf 86' lang='lat' dir='ltr'>habitis,</span> <span class='ocrx_word' id='word_1_339' title='bbox 422 2121 685 2168; x_wconf 88' lang='lat' dir='ltr'>inquifitam‚</span> <span class='ocrx_word' id='word_1_340' title='bbox 702 2121 789 2159; x_wconf 91' lang='lat' dir='ltr'>huc</span> <span class='ocrx_word' id='word_1_341' title='bbox 805 2121 1089 2168; x_wconf 89' lang='lat' dir='ltr'>applicemus.</span> 
     </span>
     <span class='ocr_line' id='line_1_34' title="bbox 171 2170 1233 2222; baseline 0 -12"><span class='ocrx_word' id='word_1_342' title='bbox 171 2170 255 2210; x_wconf 91' lang='lat' dir='ltr'>Die</span> <span class='ocrx_word' id='word_1_343' title='bbox 275 2173 316 2211; x_wconf 96' lang='lat' dir='ltr'>l7</span> <span class='ocrx_word' id='word_1_344' title='bbox 336 2174 529 2222; x_wconf 82' lang='lat' dir='ltr'>Augusti,</span> <span class='ocrx_word' id='word_1_345' title='bbox 555 2175 666 2213; x_wconf 89' lang='lat' dir='ltr'>Hor.</span> <span class='ocrx_word' id='word_1_346' title='bbox 689 2175 724 2213; x_wconf 90' lang='lat'>6.</span> <span class='ocrx_word' id='word_1_347' title='bbox 750 2174 813 2212; x_wconf 94' lang='lat' dir='ltr'>M.</span> <span class='ocrx_word' id='word_1_348' title='bbox 835 2174 871 2212; x_wconf 90' lang='lat'>8.</span> <span class='ocrx_word' id='word_1_349' title='bbox 894 2175 946 2211; x_wconf 93' lang='lat' dir='ltr'>A.</span> <span class='ocrx_word' id='word_1_350' title='bbox 970 2173 1032 2211; x_wconf 94' lang='lat' dir='ltr'>M.</span> <span class='ocrx_word' id='word_1_351' title='bbox 1055 2172 1233 2210; x_wconf 84' lang='lat' dir='ltr'>distabat</span> 
     </span>
     <span class='ocr_line' id='line_1_35' title="bbox 55 2223 1332 2276; baseline 0.005 -16"><span class='ocrx_word' id='word_1_352' title='bbox 55 2235 86 2261; x_wconf 77' lang='lat'>³⁵</span> <span class='ocrx_word' id='word_1_353' title='bbox 121 2223 267 2264; x_wconf 90' lang='lat' dir='ltr'>Venus</span> <span class='ocrx_word' id='word_1_354' title='bbox 282 2237 309 2265; x_wconf 90' lang='lat' dir='ltr'>a</span> <span class='ocrx_word' id='word_1_355' title='bbox 324 2232 472 2265; x_wconf 88' lang='lat' dir='ltr'>centro</span> <span class='ocrx_word' id='word_1_356' title='bbox 488 2227 601 2266; x_wconf 87' lang='lat' dir='ltr'>Solis</span> <span class='ocrx_word' id='word_1_357' title='bbox 617 2234 725 2276; x_wconf 88' lang='lat' dir='ltr'>part.</span> <span class='ocrx_word' id='word_1_358' title='bbox 738 2228 800 2266; x_wconf 92' lang='lat'>28.</span> <span class='ocrx_word' id='word_1_359' title='bbox 820 2227 845 2275; x_wconf 92' lang='grc' dir='ltr'>Ι.</span> <span class='ocrx_word' id='word_1_360' title='bbox 858 2227 910 2271; x_wconf 90' lang='lat'>21,</span> <span class='ocrx_word' id='word_1_361' title='bbox 928 2229 973 2265; x_wconf 90' lang='lat' dir='ltr'>in</span> <span class='ocrx_word' id='word_1_362' title='bbox 990 2226 1233 2264; x_wconf 88' lang='lat' dir='ltr'>Altitudine</span> <span class='ocrx_word' id='word_1_363' title='bbox 1300 2227 1332 2266; x_wconf 81' lang='lat' dir='ltr'>C</span> 
     </span>
    </p>
   </div>
   <div class='ocr_carea' id='block_1_5' title="bbox 121 2276 1761 2493">
    <p class='ocr_par' dir='ltr' id='par_1_5' title="bbox 121 2276 1761 2493">
     <span class='ocr_line' id='line_1_36' title="bbox 121 2276 1761 2345; baseline 0.001 -29"><span class='ocrx_word' id='word_1_364' title='bbox 121 2276 230 2316; x_wconf 91' lang='lat' dir='ltr'>Solis</span> <span class='ocrx_word' id='word_1_365' title='bbox 244 2278 286 2318; x_wconf 93' lang='lat'>10</span> <span class='ocrx_word' id='word_1_366' title='bbox 300 2286 406 2328; x_wconf 87' lang='lat' dir='ltr'>part.</span> <span class='ocrx_word' id='word_1_367' title='bbox 424 2282 604 2328; x_wconf 91' lang='lat' dir='ltr'>quando</span> <span class='ocrx_word' id='word_1_368' title='bbox 621 2282 879 2320; x_wconf 83' lang='lat' dir='ltr'>eleuabatur</span> <span class='ocrx_word' id='word_1_369' title='bbox 891 2281 1042 2318; x_wconf 92' lang='lat' dir='ltr'>Venus</span> <span class='ocrx_word' id='word_1_370' title='bbox 1059 2280 1108 2318; x_wconf 91' lang='lat'>33</span> <span class='ocrx_word' id='word_1_371' title='bbox 1125 2285 1232 2327; x_wconf 84' lang='lat' dir='ltr'>part.</span> <span class='ocrx_word' id='word_1_372' title='bbox 1724 2298 1761 2345; x_wconf 60' lang='grc' dir='ltr'><em>ὃ</em></span> 
     </span>
     <span class='ocr_line' id='line_1_37' title="bbox 121 2329 1232 2383; baseline 0.001 -14"><span class='ocrx_word' id='word_1_373' title='bbox 121 2329 284 2371; x_wconf 88' lang='lat' dir='ltr'>habens</span> <span class='ocrx_word' id='word_1_374' title='bbox 309 2333 664 2373; x_wconf 88' lang='lat' dir='ltr'>Declinationem</span> <span class='ocrx_word' id='word_1_375' title='bbox 689 2341 795 2383; x_wconf 87' lang='lat' dir='ltr'>part.</span> <span class='ocrx_word' id='word_1_376' title='bbox 823 2335 874 2373; x_wconf 92' lang='lat'>19.</span> <span class='ocrx_word' id='word_1_377' title='bbox 901 2336 1006 2372; x_wconf 91' lang='lat' dir='ltr'>min.</span> <span class='ocrx_word' id='word_1_378' title='bbox 1032 2334 1101 2372; x_wconf 76' lang='lat'>24³:</span> <span class='ocrx_word' id='word_1_379' title='bbox 1131 2333 1232 2380; x_wconf 87' lang='lat' dir='ltr'>Sep-</span> 
     </span>
     <span class='ocr_line' id='line_1_38' title="bbox 121 2385 1232 2437; baseline 0.001 -15"><span class='ocrx_word' id='word_1_380' title='bbox 121 2388 218 2423; x_wconf 87' lang='lat' dir='ltr'>tent.</span> <span class='ocrx_word' id='word_1_381' title='bbox 235 2385 376 2425; x_wconf 92' lang='lat' dir='ltr'>Locus</span> <span class='ocrx_word' id='word_1_382' title='bbox 387 2387 500 2426; x_wconf 91' lang='lat' dir='ltr'>Solis</span> <span class='ocrx_word' id='word_1_383' title='bbox 516 2400 570 2426; x_wconf 84' lang='lat' dir='ltr'>ex</span> <span class='ocrx_word' id='word_1_384' title='bbox 586 2391 773 2437; x_wconf 90' lang='lat' dir='ltr'>proprijs</span> <span class='ocrx_word' id='word_1_385' title='bbox 784 2388 966 2426; x_wconf 90' lang='lat' dir='ltr'>Tabulis</span> <span class='ocrx_word' id='word_1_386' title='bbox 982 2393 1089 2435; x_wconf 89' lang='lat' dir='ltr'>part.</span> <span class='ocrx_word' id='word_1_387' title='bbox 1103 2387 1138 2424; x_wconf 91' lang='lat'>3.</span> <span class='ocrx_word' id='word_1_388' title='bbox 1158 2385 1182 2433; x_wconf 88' lang='lat' dir='ltr'>l.</span> <span class='ocrx_word' id='word_1_389' title='bbox 1196 2387 1232 2423; x_wconf 91' lang='lat'>4.</span> 
     </span>
     <span class='ocr_line' id='line_1_39' title="bbox 123 2434 1753 2493; baseline 0.003 -18"><span class='ocrx_word' id='word_1_390' title='bbox 123 2434 164 2485; x_wconf 86' lang='lat' dir='ltr'>ll.</span> <span class='ocrx_word' id='word_1_391' title='bbox 180 2437 230 2476; x_wconf 89' lang='grc'>23</span> <span class='ocrx_word' id='word_1_392' title='bbox 246 2444 307 2488; x_wconf 77' lang='lat' dir='ltr'>m).</span> <span class='ocrx_word' id='word_1_393' title='bbox 328 2440 530 2480; x_wconf 86' lang='lat' dir='ltr'>Ascenfio</span> <span class='ocrx_word' id='word_1_394' title='bbox 552 2441 683 2480; x_wconf 70' lang='lat' dir='ltr'>Recta</span> <span class='ocrx_word' id='word_1_395' title='bbox 703 2443 746 2480; x_wconf 92' lang='lat' dir='ltr'>P.</span> <span class='ocrx_word' id='word_1_396' title='bbox 764 2443 842 2481; x_wconf 91' lang='lat'>155.</span> <span class='ocrx_word' id='word_1_397' title='bbox 867 2440 891 2489; x_wconf 83' lang='lat' dir='ltr'>l.</span> <span class='ocrx_word' id='word_1_398' title='bbox 909 2441 934 2479; x_wconf 92' lang='lat'>1.</span> <span class='ocrx_word' id='word_1_399' title='bbox 955 2439 997 2489; x_wconf 81' lang='lat' dir='ltr'>ll.</span> <span class='ocrx_word' id='word_1_400' title='bbox 1015 2441 1067 2478; x_wconf 89' lang='lat'>41.</span> <span class='ocrx_word' id='word_1_401' title='bbox 1090 2440 1233 2478; x_wconf 91' lang='lat' dir='ltr'>Decli—</span> <span class='ocrx_word' id='word_1_402' title='bbox 1268 2439 1304 2480; x_wconf 89' lang='lat' dir='ltr'>D</span> <span class='ocrx_word' id='word_1_403' title='bbox 1723 2456 1753 2493; x_wconf 72' lang='lat' dir='ltr'><strong>E</strong></span> 
     </span>
    </p>
   </div>
   <div class='ocr_carea' id='block_1_6' title="bbox 56 2492 1766 2580">
    <p class='ocr_par' dir='ltr' id='par_1_6' title="bbox 56 2492 1766 2580">
     <span class='ocr_line' id='line_1_40' title="bbox 56 2492 1766 2580; baseline 0.013 -54"><span class='ocrx_word' id='word_1_404' title='bbox 56 2499 88 2526; x_wconf 78' lang='lat'>⁴0</span> <span class='ocrx_word' id='word_1_405' title='bbox 121 2493 238 2530; x_wconf 81' lang='lat' dir='ltr'>natio</span> <span class='ocrx_word' id='word_1_406' title='bbox 253 2499 359 2540; x_wconf 88' lang='lat' dir='ltr'>part.</span> <span class='ocrx_word' id='word_1_407' title='bbox 377 2494 429 2533; x_wconf 92' lang='lat'>10.</span> <span class='ocrx_word' id='word_1_408' title='bbox 448 2493 473 2542; x_wconf 91' lang='grc' dir='ltr'>Ι.</span> <span class='ocrx_word' id='word_1_409' title='bbox 490 2495 563 2535; x_wconf 56' lang='grc'>241</span> <span class='ocrx_word' id='word_1_410' title='bbox 581 2496 735 2534; x_wconf 91' lang='lat' dir='ltr'>Borea.</span> <span class='ocrx_word' id='word_1_411' title='bbox 754 2492 768 2546; x_wconf 96' lang='grc' dir='ltr'>ΙΙ</span> <span class='ocrx_word' id='word_1_412' title='bbox 1707 2543 1766 2580; x_wconf 54' lang='grc' dir='ltr'>ΞΠ</span> 
     </span>
    </p>
   </div>
  </div>
 </body>
</html>
