2164 3246
385 217 1044 257 PROGYMNASMATUM
1066 218 1375 258 SECUNDA
1397 221 1548 260 PARS
1728 224 1796 262 413

147 324 348 364 Latitudo
369 328 519 362 autem
539 324 986 369 animaduertebatur,
1007 331 1114 373 part.
1136 326 1172 364 5.
1196 324 1221 373 l.
1241 326 1292 365 30
1313 327 1470 366 Merid.
1492 329 1550 367 At
1571 341 1672 367 cum
1692 342 1796 369 vera

146 378 349 417 Latitudo
360 377 489 416 fuerit
499 383 607 425 part.
618 377 655 415 4.
667 375 692 425 l.
703 378 754 416 45
767 380 889 416 iuxta
899 378 1042 417 nostra
1052 381 1292 424 ratiocinia,
1306 386 1397 419 erat
1406 381 1646 421 Parallaxis
1657 383 1795 422 Lunae

145 436 251 480 part.
268 431 304 470 Ο.
323 429 349 480 s.
365 431 429 476 45,
452 442 552 479 quae
574 432 707 469 etiam
727 442 828 469 cum
850 432 1084 479 Copernici
1105 433 1410 480 supputatione
1432 434 1530 473 satis
1550 435 1795 484 scrupulose

146 486 365 524 conuenit.
381 484 581 523 Altitudo
594 484 733 522 Lunae
745 490 848 523 tunc
860 485 939 523 fuit
951 486 993 524 P.
1007 487 1056 524 45
1069 488 1280 534 proxime,
1297 487 1335 525 &
1352 487 1505 526 habuit
1517 489 1795 528 Diametrum

93 553 109 579 5
146 543 432 587 apparentem
441 538 504 576 M.
515 537 566 576 34
582 540 795 585 proxime.
808 538 940 585 Quod
953 540 1007 578 ab
1020 540 1149 587 ipfius
1161 540 1477 588 praesuppofitis
1490 542 1600 580 nihil
1609 543 1794 582 discedit.

199 591 408 630 Recensui
423 603 542 630 nunc
557 591 629 630 sex
642 591 983 631 obseruationes
999 595 1253 641 peculiares,
1270 597 1457 642 proprijs
1470 595 1658 643 Organis
1674 597 1794 635 habi·

144 651 222 691 tas,
239 657 262 683 e
278 645 438 693 quibus
453 644 707 683 Parallaxin
723 645 863 684 Lunae
879 646 1096 693 inquifiui,
1117 659 1305 694 cumque
1323 659 1375 686 ea
1391 652 1626 687 conueniat
1643 662 1794 697 quam-

145 701 343 748 proxime
363 700 428 747 ijs,
450 710 561 746 quas
578 698 815 746 Copernici
836 702 1028 738 rationes
1049 703 1094 738 in
1115 700 1325 739 consimili
1341 701 1584 740 Altitudine
1606 706 1794 751 exigunt,

146 752 488 792 consentaneum
509 752 576 796 est,
598 752 739 791 Lunae
755 752 1018 798 Parallaxes‚
1040 755 1085 791 in
1106 753 1224 792 hunc
1245 755 1428 793 modum
1448 756 1638 803 prodire;
1661 757 1698 794 8(
1719 769 1795 804 per

78 819 109 845 ιο
146 805 428 854 consequens,
445 805 690 844 distantiam
707 808 801 844 eius
818 818 844 845 a
859 806 1005 845 Terris
1021 807 1216 855 superius
1233 808 1517 852 constitutam.
1540 821 1630 847 non
1647 812 1794 848 incon-

145 861 374 951 uenienter
392 859 434 898 se
454 859 630 963 lhabere.
653 859 786 906 Quod
806 860 874 898 his
895 860 1006 898 senis
1024 861 1414 900 obseruationibus
1435 865 1622 911 proprijs
1640 863 1794 901 confir-

144 924 266 953 mare
281 925 310 961 p
329 915 457 952 acuit.

57 973 121 1006 463
197 966 659 1006 Animaduertendum
682 978 800 1012 vero,
824 967 943 1015 quod
966 968 1125 1015 vbique
1150 968 1445 1006 Latitudinem
1469 969 1607 1008 Lunae
1631 982 1793 1015 veram,

145 1032 237 1059 non
251 1020 491 1059 secundum
501 1020 730 1068 vulgarem
746 1023 975 1065 rationem,
993 1033 1093 1068 quae
1107 1024 1350 1060 maximam
1362 1023 1415 1060 ab
1429 1022 1635 1070 Ecliptica
1647 1024 1794 1062 deuia—

78 1087 108 1113 15
144 1076 310 1113 tionem
331 1073 629 1122 praesupponit
651 1079 759 1122 part.
777 1075 800 1113 5
821 1074 1009 1122 praecise,
1033 1074 1103 1112 sed
1125 1077 1270 1122 potius
1293 1077 1415 1113 iuxta
1437 1076 1579 1114 nostra
1600 1079 1794 1121 inuenta,

145 1139 246 1176 quae
267 1127 456 1167 eandem
476 1133 634 1175 quarta
652 1127 813 1176 gradus
832 1133 954 1176 parte
971 1127 1211 1167 auctiorem
1231 1129 1429 1173 reddunt,
1450 1129 1794 1168 adhibuerimus.

146 1181 197 1220 Et
218 1181 248 1219 fi
270 1183 368 1230 quis
391 1183 545 1220 omnia
567 1181 816 1230 diligentius
842 1182 1153 1230 introspexerit,
1176 1182 1246 1219 vel
1270 1194 1322 1220 ex
1345 1182 1413 1220 his
1438 1183 1637 1230 pauculis
1662 1184 1795 1222 modo

145 1234 344 1274 indicatis
366 1235 770 1279 obseruationibus,
793 1235 1016 1284 cognoscet
1038 1235 1333 1274 Latitudinem
1353 1236 1491 1274 Lunae
1512 1248 1538 1274 a
1558 1237 1684 1275 nobis
1705 1249 1794 1275 cor-

145 1287 319 1334 rediam,
345 1290 424 1327 rite
450 1288 655 1327 constare.
679 1289 884 1327 Veterem
909 1295 1057 1327 autem
1082 1289 1204 1327 illam
1229 1301 1513 1337 nequaquam
1539 1302 1793 1338 congruere:

76 1354 110 1381 20
147 1341 278 1390 Quod
299 1342 438 1381 obiter
456 1342 793 1381 admonendum
812 1342 935 1381 duxi:
959 1343 1068 1381 alias
1092 1342 1366 1381 euidentiora
1389 1345 1433 1380 in
1455 1343 1587 1381 huius
1608 1346 1668 1382 rei
1689 1344 1794 1382 testi-

145 1398 348 1435 monium
363 1395 632 1435 adducturus
648 1396 875 1443 Exempla.

199 1449 316 1489 Cum
335 1451 464 1498 igitur
483 1449 649 1498 liqueat
665 1450 930 1494 Parallaxes,
953 1449 991 1487 &
1011 1449 1230 1488 distantias
1248 1450 1445 1488 Lunares
1465 1462 1541 1498 per
1563 1450 1697 1498 ipsam
1714 1451 1795 1489 Ex-

145 1505 406 1552 perientiam
421 1515 514 1542 non
530 1504 607 1542 esse
624 1505 901 1552 incongruas,
919 1503 1169 1541 assumendo
1182 1503 1380 1541 videlicet
1396 1515 1482 1548 eas,
1500 1516 1599 1551 quae
1616 1505 1670 1542 ab
1683 1505 1795 1542 Arti-

145 1556 298 1596 ficibus
313 1556 552 1605 praesertim
563 1557 814 1605 Copernico
825 1557 991 1595 statutae
1006 1557 1113 1600 sunt,
1131 1556 1168 1594 &
1184 1559 1230 1594 in
1246 1557 1538 1604 superioribus
1554 1558 1796 1595 luculenter

76 1623 110 1648 25
146 1610 487 1650 demonstratum
503 1610 561 1656 fit,
581 1610 763 1650 Stellam
779 1610 894 1649 hanc
911 1611 1092 1649 Nouam
1109 1622 1393 1658 nequaquam
1410 1616 1576 1649 tantam
1593 1611 1795 1649 admifisse

145 1664 409 1710 Parallaxin,
431 1667 522 1703 imo
537 1664 712 1713 prorsus
728 1664 911 1709 nullam,
933 1663 1027 1702 fieri
1045 1666 1246 1702 omnium
1262 1666 1444 1702 minime
1461 1664 1604 1711 potest.
1624 1670 1667 1702 vt
1683 1664 1795 1702 infra

146 1718 320 1757 Lunam
335 1723 412 1758 aut
427 1720 542 1757 eirca
557 1718 673 1757 hanc
688 1718 837 1757 locum
853 1718 1099 1756 obtinuerit.

89 1778 110 1810 i·
199 1771 312 1811 Solis
337 1774 470 1811 etiam
494 1773 522 1810 a
545 1772 691 1811 Terris
720 1771 1076 1820 praesuppofitam
1104 1774 1395 1809 remotionem
1419 1771 1530 1809 bene
1555 1771 1595 1809 se
1621 1771 1794 1814 habere.

146 1825 332 1874 Eclipses
348 1826 547 1865 Lunares
567 1825 829 1864 sufficienter
849 1825 1052 1873 probant;
1074 1825 1193 1863 Nam
1211 1837 1287 1872 per
1303 1824 1554 1863 Parallaxes
1575 1826 1668 1862 eius
1688 1825 1794 1872 idip-

76 1890 110 1916 30
145 1878 239 1918 sum
263 1879 578 1928 persentiscere,
604 1882 735 1918 nimis
759 1879 814 1917 est
837 1879 1105 1927 ambiguum.
1132 1878 1229 1916 licet
1252 1878 1289 1916 8(
1312 1878 1395 1916 hoc
1419 1890 1509 1916 non
1534 1880 1795 1916 intentatum

145 1933 469 1981 reliquerimus;
496 1933 654 1981 easque
677 1933 888 1971 distantiae
911 1931 1232 1980 praesuppofitae
1256 1943 1506 1979 congruere,
1533 1931 1678 1979 quoad
1703 1934 1796 1969 eius

145 1985 239 2025 fieri
254 1989 406 2035 potuit,
423 1989 765 2035 perceperimus:
782 1992 826 2024 vt
842 1986 1026 2024 dubium
1042 1997 1133 2023 non
1145 1985 1190 2023 fit
1202 1985 1349 2024 Solem
1361 1986 1609 2033 Apogaeum
1620 1987 1665 2022 in
1677 1991 1797 2022 tanta

147 2040 298 2089 (quam
318 2040 527 2088 diximus)
549 2052 576 2079 a
596 2041 723 2079 nobis
743 2040 878 2079 abesse
900 2039 1242 2087 intercapedine;
1265 2039 1455 2086 Ideoque
1473 2038 1510 2076 8(
1528 2039 1583 2081 id,
1605 2038 1722 2085 quod
1744 2039 1796 2076 de

145 2093 278 2133 Stella
289 2094 438 2140 Noua,
455 2106 556 2134 eam
572 2094 772 2133 videlicet
786 2105 1071 2141 nequaquam
1087 2092 1200 2130 infra
1217 2092 1334 2130 hunc
1351 2092 1479 2135 fuisse,
1497 2094 1795 2130 conuenienti-

75 2158 108 2184 35
144 2147 225 2186 bus
240 2149 481 2197 ratiocinijs
497 2148 895 2196 superinduximus,
912 2147 1083 2185 nullam
1099 2148 1256 2184 mereri
1274 2145 1601 2184 haesitationem.

197 2201 335 2240 Restat
351 2213 469 2241 nunc
486 2202 675 2240 alterum
687 2202 739 2240 de
753 2199 1098 2239 Refractionibus
1115 2201 1141 2237 a
1157 2200 1414 2247 paucissimis
1431 2197 1642 2237 haclenus
1659 2200 1795 2236 anim-

57 2259 121 2292 464
145 2254 347 2300 aduersis,
371 2255 698 2299 resoluendum;
730 2254 863 2302 Quod
888 2254 1169 2302 paucioribus
1196 2250 1210 2303 ΙΙ
1236 2252 1330 2290 fieri
1355 2255 1505 2300 potuit.
1538 2252 1654 2290 Cum
1681 2254 1796 2289 enim

145 2307 300 2356 Capite
321 2309 524 2348 Secundo
546 2321 599 2348 ex
620 2311 685 2358 ijs,
710 2320 810 2356 quae
832 2308 885 2346 de
907 2307 1115 2345 Fixarum
1137 2305 1483 2344 Refrac‘tionibus
1504 2305 1795 2353 exposuimus,

143 2361 242 2400 satis
262 2362 439 2410 liqueat,
463 2365 578 2402 circa
597 2362 650 2401 20
669 2362 926 2400 Altitudinis
947 2361 1143 2409 gradum,
1168 2372 1242 2398 eas
1266 2359 1528 2397 insensibiles
1550 2359 1682 2401 reddi,
1707 2370 1795 2396 non

74 2425 108 2452 ⁴0
145 2415 327 2454 dubium
344 2416 411 2461 est,
429 2416 720 2455 Altitudinem
737 2417 969 2454 minimam
986 2426 1121 2462 prope
1135 2413 1386 2462 Augustam,
1404 2413 1513 2450 nulli
1530 2412 1795 2460 perceptibili

145 2468 406 2508 Refrac‘tioni
417 2469 534 2509 fuisse
547 2470 805 2513 obnoxiam;
823 2480 876 2507 eo
889 2468 1006 2516 quod
1019 2467 1151 2506 Stella
1163 2469 1208 2505 in
1220 2479 1273 2505 eo
1286 2467 1543 2509 Horizonte,
1561 2466 1738 2513 quando
1751 2467 1794 2502 in

145 2521 397 2562 Meridiano
414 2523 527 2562 infra
539 2524 697 2562 Polum
713 2529 816 2565 erat,
834 2522 968 2570 paulo
981 2522 1091 2559 vltra
1104 2521 1154 2559 20
1165 2521 1324 2568 gradus
1341 2520 1628 2558 attollebatur.
1648 2519 1793 2564 Longe

1646 2579 1791 2608 autem
