2164 3246
390 196 1048 236 PROGYMNASMATUM
1070 197 1383 237 SECUNDA
1405 199 1556 239 PARS
1724 201 1802 240 339

149 306 280 355 plane
304 304 496 344 eundem
519 304 704 348 extitisse,
729 310 946 351 quantum
968 305 1024 344 ad
1045 305 1295 344 Parallaxes
1319 307 1615 346 enucleandas
1638 310 1800 352 attinet,

150 360 202 399 de
219 359 378 407 quibus
393 357 589 405 sequenti
606 357 762 405 Capite
778 357 921 396 latius.

202 413 349 460 Atque
369 411 466 450 haec
482 411 798 455 antecedentia,
821 412 967 458 quoad
984 412 1203 451 distantias
1220 413 1342 451 Noui
1359 413 1518 452 Sideris
1535 414 1590 452 ad
1607 414 1716 453 alias
1733 414 1799 453 In-

150 471 357 511 errantes,
374 465 672 512 Fixarumque
689 466 801 502 inter
816 464 856 502 se
873 464 1099 503 sufficiant.

97 536 113 561 5
202 519 468 559 Altitudines
485 529 663 566 quoque
680 520 786 562 eius,
803 518 1040 565 praesertim
1052 519 1338 563 Meridianas,
1356 531 1456 558 cum
1470 520 1618 559 sedulo
1630 533 1718 560 vna
1729 521 1799 560 de-

149 575 292 614 metiri
311 572 549 620 sategerim,
571 571 720 609 nullus
737 571 974 618 Quadrans
996 573 1193 616 idoneus,
1215 579 1290 611 aut
1311 573 1431 612 aliud
1451 573 1799 620 Instrumentum,

149 628 252 667 huic
268 625 415 665 officio
430 627 606 673 proprie
623 625 880 672 deputatum
897 626 951 663 ad
968 638 1128 664 manus
1150 632 1252 670 erat,
1275 638 1363 674 quo
1384 628 1717 666 intermediante
1740 629 1799 666 id-

149 681 289 730 ipsum
304 679 403 718 satis
418 678 594 727 praecise
611 679 863 726 assequerer.
881 679 989 717 Vsus
1003 679 1096 717 sum
1109 682 1255 727 itaque
1268 679 1351 718 hoc
1363 680 1453 728 ipso
1465 692 1543 728 pro
1556 681 1799 720 Altitudine

150 737 244 775 eius
260 736 420 778 citima,
441 744 542 771 cum
559 734 605 770 in
621 732 875 770 Meridiano
893 732 1005 771 infra
1021 733 1177 771 Polum
1194 733 1493 778 collocaretur,
1515 734 1798 782 exploranda.

83 803 113 829 ιο
149 789 412 837 Supremam
424 788 543 825 enim
555 786 734 834 quando
746 788 894 824 vertici
907 787 1288 834 appropinquabat
1300 787 1384 825 hoc
1397 787 1588 835 Organo,
1606 788 1660 826 ob
1673 791 1798 827 nimi-

149 853 223 882 am
238 840 384 881 Stellae
400 845 503 878 tunc
519 839 824 883 Altitudinem,
844 852 932 887 qua
947 840 1058 878 senis
1075 840 1224 878 saltem
1240 841 1444 888 gradibus
1457 852 1483 878 a
1494 841 1652 879 Zenith
1670 841 1798 889 Capi-

149 901 243 935 tum
253 894 561 938 reclinabatur,
574 904 729 941 capere
741 905 833 931 non
845 893 976 937 licuit,
989 906 1089 931 curn
1101 895 1243 932 Arcus
1255 896 1488 937 maximus,
1501 906 1634 942 quem
1646 895 1798 934 Instru-

149 954 298 989 mento
318 947 632 996 applicueram‚
653 946 930 985 solummodo
950 947 1113 985 sextam
1131 947 1296 986 Circuli
1311 953 1480 994 partem
1496 948 1764 996 adimpleret.
1783 945 1798 999 ΙΙ

62 1011 127 1044 349
203 1002 307 1050 Qua
334 1003 463 1050 igitur
489 1002 660 1039 ratione
684 1002 918 1038 minimam
943 1000 1075 1038 huius
1101 1001 1245 1039 Stellae
1270 1001 1560 1039 Altitudinem
1584 1001 1798 1040 beneficio

83 1071 113 1097 ιε
150 1055 342 1096 eiusdem
357 1054 633 1093 Instrumenti
650 1054 929 1098 obtinuerim,
946 1066 1064 1092 nunc
1081 1054 1284 1092 edocebo.

202 1108 492 1149 Collocabam
507 1107 762 1147 Sextantem
781 1107 913 1151 hunc,
936 1108 1313 1155 quemadmodum
1334 1113 1514 1155 apparet
1533 1110 1577 1146 in
1596 1109 1798 1156 assignata

149 1166 244 1203 eius
265 1161 551 1211 dispofitione,
573 1161 721 1209 quoad
742 1163 935 1208 priorem
956 1161 1167 1209 Regulam
1183 1161 1265 1199 AB
1288 1163 1495 1199 anteriori
1516 1167 1637 1209 parte
1659 1164 1704 1199 in
1723 1162 1797 1200 Fe-

148 1216 288 1256 nestra
298 1215 494 1264 quadam
506 1215 607 1260 alta,
623 1214 753 1263 supra
768 1226 959 1259 murum,
976 1217 1035 1253 ita
1046 1221 1089 1253 vt
1102 1214 1266 1263 Regula
1277 1214 1372 1252 haec
1385 1213 1532 1253 exacte
1545 1215 1798 1254 Meridiano

149 1269 324 1310 Coelesti
343 1269 697 1313 substerneretur;
721 1280 748 1307 a
770 1268 994 1316 posteriori
1014 1268 1161 1306 versus
1182 1268 1396 1306 Centrum
1416 1279 1551 1316 prope
1572 1268 1620 1312 T,
1643 1268 1798 1307 Fulcro

79 1338 113 1365 20
149 1323 344 1373 quodam
368 1322 455 1361 VX
479 1321 707 1371 supposito,
736 1324 830 1360 eius
855 1322 1123 1365 Altitudinis,
1148 1327 1192 1359 vt
1218 1321 1382 1369 Regula
1407 1321 1496 1369 ipsa
1521 1322 1576 1360 ad
1601 1323 1797 1360 amussim

149 1376 395 1426 aequilibrio
407 1376 667 1415 Horizontis
683 1375 1049 1424 corresponderet,
1067 1376 1185 1423 quod
1201 1375 1254 1413 fic
1265 1374 1455 1413 facilime
1468 1377 1655 1423 experiri
1666 1375 1797 1413 licuit.

201 1429 379 1470 Direcsto
397 1430 453 1469 ad
469 1429 711 1469 Meridiani
730 1429 915 1477 planum
936 1429 1210 1467 Instrumenti
1226 1429 1346 1466 Arcu
1363 1428 1460 1472 RN,
1482 1428 1519 1466 &
1540 1428 1731 1476 appenso
1752 1431 1798 1467 in

148 1485 236 1524 fine
252 1484 304 1524 60
318 1483 478 1533 gradus
494 1483 551 1529 N,
567 1483 883 1532 perpendiculo
897 1483 989 1527 NS,
1006 1482 1258 1521 attollebam
1274 1482 1617 1529 relaxabamque
1634 1493 1710 1530 per
1726 1494 1796 1520 cu-

149 1550 256 1578 neos
279 1537 492 1587 quosdam
514 1539 629 1576 intra
648 1537 685 1575 T
705 1537 743 1575 8(
764 1537 851 1575 VX
873 1536 1043 1585 positos,
1068 1536 1280 1584 Regulam
1302 1535 1680 1573 fundamentalem
1701 1536 1796 1579 AB,

80 1606 113 1633 25
148 1603 325 1641 vnaque
340 1596 482 1630 totum
498 1591 849 1634 Instrumentum,
867 1591 1006 1629 donec
1023 1589 1147 1628 filum
1165 1589 1220 1633 N,
1239 1589 1290 1633 O,
1308 1589 1347 1633 S,
1365 1591 1435 1626 cui
1450 1589 1682 1636 plumbum
1698 1589 1753 1627 ad
1770 1589 1797 1628 S

149 1656 375 1686 annexum
396 1650 500 1690 erat,
521 1644 697 1693 praecise
718 1645 915 1683 medium
935 1642 1146 1691 punctum
1167 1645 1278 1680 inter
1294 1642 1507 1688 Centrum
1524 1642 1797 1680 Instrumenti

149 1699 204 1739 ad
228 1700 270 1738 A
294 1699 333 1738 8(
357 1698 756 1737 circumferentiam
781 1697 1005 1736 diuifionis
1031 1696 1234 1741 eiusdem,
1266 1696 1341 1734 suo
1367 1694 1568 1734 contactu
1597 1695 1796 1743 pulsaret,

148 1755 271 1792 iuxta
282 1752 335 1792 Ο.
351 1752 636 1791 Manifestum
653 1751 709 1790 est
725 1754 856 1796 enim,
874 1751 992 1799 quod
1008 1757 1110 1789 tunc
1127 1750 1244 1788 Bafis
1258 1750 1423 1798 Organi
1439 1749 1525 1787 fiue
1543 1749 1707 1797 Regula
1718 1749 1796 1787 AB

149 1807 385 1846 Horizonti
406 1806 582 1854 praecise
606 1805 917 1853 aequidistabat.
942 1805 1007 1842 Ex
1027 1816 1116 1852 quo
1137 1806 1259 1842 iuxta
1279 1803 1548 1841 Geometriae
1569 1803 1797 1841 Elementa

78 1873 112 1900 30
149 1860 332 1900 Sextans
355 1859 522 1899 Circuli
544 1861 571 1898 a
594 1859 758 1898 Centro
780 1858 1070 1906 Triangulum
1096 1857 1403 1904 aequilaterum
1426 1855 1795 1904 compraehendat‚

148 1914 293 1963 (prout
308 1912 622 1952 consectarium
639 1913 694 1951 est
711 1925 764 1952 ex
776 1913 866 1951 Lib.
879 1913 915 1950 4.
934 1911 1124 1950 Euclidis
1136 1911 1260 1958 Prop.
1274 1910 1331 1956 15)
1349 1909 1704 1958 repraesentatum
1721 1921 1797 1956 per

147 1966 452 2016 punctationes
472 1967 618 2011 RNA,
641 1966 679 2005 &
700 1967 885 2005 Lineam
907 1965 1083 2013 Regulae
1100 1965 1194 2002 RA.
1217 1963 1421 2011 Cumque
1439 1961 1568 2001 Recta
1584 1975 1610 2001 a
1626 1963 1796 2000 Vertice

148 2023 242 2060 eius
257 2021 300 2060 N
317 2020 593 2065 descendens,
615 2020 743 2059 Bafin
760 2020 841 2058 RA
859 2019 1131 2067 dispertiatur
1145 2017 1360 2061 bifariam,
1382 2017 1541 2054 necesse
1563 2016 1617 2054 ess
1634 2017 1689 2054 ad
1706 2017 1796 2053 An-

147 2074 272 2124 gulos
292 2073 444 2114 Red'tos
464 2074 508 2113 id
529 2074 636 2119 fieri,
657 2079 701 2112 vt
722 2086 775 2112 ex
796 2072 1000 2120 Propofit.
1023 2072 1075 2110 12.
1098 2071 1188 2109 Lib.
1207 2072 1233 2115 1,
1256 2077 1386 2118 atque
1407 2072 1605 2118 proxime
1627 2075 1796 2108 antece-

78 2140 112 2167 3⁵
148 2128 348 2167 dentibus
363 2128 511 2176 liquet.
524 2128 723 2176 Jdeoque
740 2129 953 2175 quoniam
969 2124 1332 2174 perpendiculum
1346 2124 1387 2162 N
1397 2124 1424 2162 S
1438 2123 1693 2162 naturaliter
1705 2134 1796 2160 ver-

147 2183 275 2220 tieem
294 2187 506 2230 perpetuo
527 2181 735 2229 respiciat,
757 2180 908 2228 illique
924 2181 1100 2218 vniatur
1116 2178 1220 2220 NO,
1242 2179 1425 2216 omnino
1443 2179 1521 2215 erit
1540 2177 1683 2214 eidem
1703 2188 1795 2224 per-

61 2241 125 2274 350
148 2235 382 2284 pendiculo
399 2235 564 2284 Regula
581 2235 663 2273 RA
681 2233 1011 2282 Orthogonalis;
1034 2232 1184 2279 Quare
1201 2231 1239 2269 &
1256 2227 1527 2280 Horizon-ssti
1545 2230 1796 2277 aequilibris,

148 2300 175 2328 a
190 2300 278 2337 quo
289 2288 461 2334 Zenith,
477 2289 671 2337 vndique
687 2300 764 2336 per
781 2287 1072 2335 quadrantem
1085 2285 1250 2324 Circuli
1262 2285 1489 2333 Angulum
1502 2283 1679 2322 Rectum
1696 2295 1796 2321 con-

148 2341 423 2388 formantem,
440 2342 573 2381 distat.

79 2407 113 2434 ⁴0
196 2395 251 2442 Jn
261 2395 380 2435 hunc
390 2398 539 2444 itaque
551 2396 734 2434 modum
746 2395 972 2443 diligenter
984 2393 1186 2431 ordinato
1199 2392 1499 2433 Instrumento,
1515 2389 1796 2438 expectabam

148 2449 287 2488 donec
309 2449 443 2488 Stella
465 2449 561 2488 haec
585 2450 720 2488 Noua
744 2448 1060 2491 Meridianum,
1087 2449 1131 2484 in
1158 2446 1383 2484 decliuiori
1407 2445 1484 2482 [itu
1507 2445 1796 2482 concitatione

148 2502 381 2542 vniuersali
406 2505 645 2551 attingeret,
671 2509 862 2549 tuncque
888 2513 964 2549 per
987 2501 1108 2539 aliud
1132 2499 1436 2537 Pinnacidium
1459 2500 1592 2545 priori
1616 2499 1735 2586 ulna
1761 2496 1795 2533 C

253 2564 303 2591 43·
1560 2562 1645 2588 ana
1666 2560 1795 2596 ogum
