2164 3246
398 214 1055 254 PROGYMNASMATUM
1078 215 1387 255 SECUNDA
1409 218 1560 256 PARS
1733 217 1810 256 393

71 330 135 362 430
159 318 585 372 Ob-ssseruationibus
608 323 823 369 principio
845 322 1012 370 Capitis
1034 322 1188 369 Quinti
1211 323 1394 362 fideliter
1418 330 1663 367 annotatas,
1688 324 1810 362 adhi-

157 376 308 414 bentes
324 375 443 422 (quae
458 380 609 413 tamen
622 374 661 412 &
674 374 746 413 hic
759 381 888 422 prout
901 387 1012 423 opus
1024 375 1153 414 fuerit
1164 378 1430 425 repetendae)
1447 378 1641 426 sequenti
1658 378 1810 416 ordine

159 434 423 468 extruemus.

108 568 122 594 5
194 553 273 592 EX
292 552 619 591 DISTANTIA
641 553 833 592 NOUAE
854 553 1090 592 STELLAE
1110 556 1151 592 A
1172 555 1385 593 POLARI
1407 556 1469 593 IN
1492 556 1775 602 VTROQUE

271 615 416 660 SITU‚
437 615 572 653 TAM
594 615 774 653 INFRA
796 615 981 663 QUAM
1002 616 1190 655 SUPRA
1211 617 1435 661 POLUM‚
1457 618 1543 656 AN
1566 618 1698 657 NON

364 677 697 725 PLUSQUAM
719 678 889 717 LUNA
909 678 1035 717 AUT
1055 679 1164 718 SOL
1185 680 1226 717 A
1246 680 1436 718 TERRA
1459 680 1604 719 HAEC

642 740 969 779 DISTITERIT
990 741 1325 789 INQUIRERE.

210 811 414 851 Ascenfio
430 810 561 850 Recia
577 812 744 851 Polaris
756 812 902 851 Stellae
918 815 1040 851 iuxta
1056 813 1245 852 nostram
1261 815 1307 851 in
1324 825 1376 852 ea
1392 813 1737 852 verificationem
1754 815 1809 852 ad

91 879 122 906 10
158 865 201 904 id
214 865 445 914 Temporis
460 871 568 913 part.
581 866 617 904 5.
632 864 658 914 l.
670 865 729 905 33.
747 866 997 905 Declinatio
1013 879 1118 905 vero
1134 874 1241 914 part.
1254 868 1317 906 86.
1332 867 1357 915 l.
1370 867 1432 906 59.
1448 866 1491 915 ll.
1504 868 1566 906 45.
1585 866 1810 906 Subtracia

157 921 305 968 itaque
325 918 588 958 Ascenfione
609 918 739 958 Recta
759 920 939 965 Polaris,
963 921 1123 959 dantur
1143 921 1372 968 vtrobique
1395 921 1523 968 supra
1544 927 1675 968 atque
1696 921 1809 959 infra

157 973 314 1012 Polum
329 972 495 1021 Anguli
512 972 639 1012 CAE
651 972 690 1011 &
704 973 836 1011 BAD
854 979 960 1021 part.
973 975 1009 1011 4.
1024 972 1049 1022 l.
1061 974 1124 1012 37.
1139 972 1182 1022 ll.
1195 975 1231 1017 5,
1249 974 1287 1011 &
1304 974 1461 1012 Latera
1477 975 1559 1012 EA
1576 981 1706 1021 atque
1724 975 1809 1012 DA

159 1026 549 1075 Complementum
569 1026 891 1065 Declinationis
912 1027 1057 1065 Stellae
1076 1027 1255 1072 Polaris‚
1277 1034 1383 1075 part.
1400 1028 1436 1066 3.
1456 1026 1481 1075 l.
1498 1028 1534 1066 O.
1554 1026 1596 1075 ll.
1615 1029 1667 1066 15.
1691 1027 1809 1074 Qua-

157 1086 333 1129 propter
349 1079 555 1119 adhibitis
571 1080 955 1119 Declinationibus
972 1081 1119 1119 Nouae
1135 1081 1244 1125 vifis,
1261 1083 1351 1119 iam
1367 1081 1500 1119 modo
1517 1081 1729 1125 indicatis,
1751 1081 1809 1119 se-

91 1147 122 1173 15
159 1134 354 1173 cundum
377 1133 623 1173 distantiam
645 1133 847 1173 infimam
870 1134 1022 1179 Lunae,
1049 1140 1179 1182 atque
1205 1135 1454 1182 supremam
1477 1135 1590 1173 Solis
1612 1136 1639 1172 a
1661 1134 1809 1177 Terra,

159 1187 265 1226 Eius
279 1199 307 1226 a
322 1187 467 1226 Polari
479 1187 762 1226 Remotiones
777 1194 868 1227 tam
884 1190 929 1226 in
945 1188 1147 1236 suprema
1163 1200 1298 1236 quam
1315 1187 1468 1226 infima
1480 1188 1739 1226 Altitudine:
1757 1188 1809 1226 fic

158 1246 438 1290 prouemum'
658 1277 709 1315 In
725 1277 983 1315 Remotione
1001 1278 1027 1315 a
1042 1277 1179 1315 Terra
1194 1279 1316 1315 iuxta

495 1354 678 1387 LVNAM
1300 1355 1469 1387 SOLEM

89 1415 123 1441 20
563 1402 614 1441 52
809 1402 1130 1441 Semidiametr:
1344 1401 1429 1440 1182

768 1464 795 1489 P.
915 1485 947 1491 ,.
1026 1464 1052 1489 P.
1105 1463 1124 1492 s.
1200 1484 1204 1488 .

212 1535 230 1574 Ι
263 1535 284 1574 f
370 1507 538 1559 JLatus
554 1509 639 1548 CA
755 1509 806 1548 29
845 1510 876 1547 ll
907 1510 957 1548 46
1013 1510 1064 1548 28
1094 1510 1134 1548 15
1164 1509 1215 1547 49
1273 1508 1445 1556 Compl.
1466 1508 1586 1546 Decl.
1610 1509 1756 1547 Nouae

232 1548 262 1574 ¹²
281 1547 330 1575 ¹³
374 1561 385 1611 ι
403 1562 538 1601 Latus
555 1562 634 1602 CE
755 1563 806 1601 26
835 1563 877 1601 12
916 1563 958 1601 10
1013 1563 1063 1601 25
1094 1563 1136 1600 16
1174 1563 1214 1600 13
1272 1562 1485 1600 Distantia
1502 1562 1680 1609 quaefita

212 1643 240 1682 S
327 1612 538 1682 ajLatus
555 1617 638 1654 BA
755 1616 806 1655 28
853 1617 877 1655 6
907 1616 957 1654 32
1014 1616 1064 1654 28
1094 1616 1135 1654 12
1164 1617 1214 1654 57
1273 1615 1444 1663 Compl.
1466 1615 1586 1653 Decl.
1610 1616 1756 1653 Nouae

243 1655 325 1692 “Pr
375 1669 538 1719 {Latus
555 1670 639 1708 DB
755 1670 805 1709 25
853 1670 877 1708 6
907 1670 957 1708 56
1013 1670 1063 1708 25
1095 1670 1135 1707 13
1174 1670 1214 1707 21
1272 1669 1679 1716 Distantiaquaefita
1769 1666 1783 1718 ιι

71 1792 130 1824 43¹
159 1849 199 1886 A
220 1847 524 1887 STELLULA
546 1849 608 1887 IN
631 1848 820 1887 SEDILI
843 1786 1193 1891 CASgI‘OPEAE,
1220 1847 1365 1894 QUAE
1389 1847 1579 1885 NOUAE
1600 1846 1809 1885 VICINA

590 1910 756 1955 ERAT,
779 1910 1027 1949 IDIPSUM
1050 1909 1380 1948 INDAGARE.

211 1981 414 2021 Arcenfio
430 1981 562 2021 Recta
577 1982 711 2021 huius
722 1982 978 2020 Vndecimae
993 1981 1048 2019 est
1059 1987 1166 2029 part.
1179 1981 1215 2018 2.
1228 1983 1332 2018 min.
1346 1981 1397 2018 20
1406 1982 1431 2022 ἒ,
1448 1993 1474 2018 a
1491 1992 1578 2027 qua
1595 1980 1623 2017 fi
1640 1980 1809 2018 aufera-

90 2047 124 2073 30
159 2041 229 2074 tur
253 2035 401 2075 Nouae
424 2036 628 2074 Ascenfio
654 2034 795 2080 Recta,
821 2038 942 2083 prius
966 2035 1169 2077 indicata,
1195 2041 1427 2081 promanat
1451 2034 1652 2081 Angulus
1674 2033 1809 2071 GAC

160 2088 274 2128 infra
284 2089 453 2134 Polum,
471 2095 603 2138 atque
615 2090 723 2128 alter
735 2089 810 2127 FA
819 2090 852 2127 B
864 2089 1004 2137 supra.
1022 2094 1128 2136 part.
1141 2088 1167 2126 1.
1182 2087 1207 2135 Ι.
1220 2088 1282 2126 53.
1298 2086 1309 2134 l
1316 2087 1340 2135 s.
1353 2088 1415 2131 55,
1431 2088 1658 2134 vtrobique
1670 2099 1808 2134 pares.

161 2142 226 2181 Ex
241 2143 400 2191 quibus
415 2149 533 2192 patet
544 2143 724 2183 Stellam
740 2143 855 2181 hanc
872 2155 964 2181 non
979 2142 1107 2190 longe
1120 2143 1146 2179 a
1158 2141 1411 2179 Meridiano
1428 2141 1613 2183 abfuisse,
1631 2141 1810 2187 quando

161 2195 296 2236 Noua
311 2196 426 2236 hanc
441 2197 659 2241 transibat,
679 2199 738 2235 ita
754 2202 797 2234 vt
814 2208 905 2234 non
921 2196 1051 2244 plane
1069 2196 1260 2233 duorum
1275 2195 1491 2242 graduum
1508 2194 1553 2232 fit
1569 2194 1808 2232 discrimen.

161 2248 311 2296 Quare
332 2250 561 2289 discrimen
581 2250 793 2289 distantiae
814 2250 1046 2298 superioris
1067 2255 1198 2296 atque
1219 2248 1436 2286 inferioris
1458 2260 1510 2285 eo
1532 2249 1744 2295 promtius
1766 2250 1810 2285 in

90 2314 124 2340 35
161 2303 313 2342 oculos
332 2306 555 2343 incurrere
575 2306 727 2353 potuit,
749 2315 802 2342 ex
824 2315 913 2351 quo
934 2303 1069 2341 Noua
1089 2302 1191 2340 huic
1213 2301 1468 2339 Vndecimae
1489 2301 1730 2339 admodum
1751 2303 1810 2338 vi-

161 2358 260 2396 cina
284 2363 387 2397 erat.
417 2358 498 2396 Per
523 2357 914 2406 Complementum
940 2363 1087 2395 autem
1113 2356 1246 2393 huius
1272 2355 1465 2393 Stellulae
1492 2355 1810 2392 Declinationis

161 2410 375 2450 existentis
386 2417 494 2460 part.
507 2412 570 2450 60.
582 2414 687 2450 min.
700 2411 764 2456 34,
781 2412 940 2450 dantur
957 2410 1048 2449 GA
1062 2409 1099 2447 &
1114 2410 1201 2452 FA,
1218 2415 1325 2456 part.
1339 2409 1400 2446 29.
1414 2410 1566 2446 minut.
1580 2408 1642 2446 26.
1661 2408 1809 2454 Quare

161 2462 200 2502 ἀ
218 2463 291 2502 hic
310 2464 529 2513 applicata
545 2464 807 2503 Ascenfione
829 2463 958 2503 Rec‘ta
980 2464 1126 2502 Nouae
1148 2469 1278 2510 atque
1301 2462 1681 2500 Declinationibus
1702 2461 1809 2501 vifis.

161 2529 262 2565 quae
277 2519 542 2566 inquirenda
557 2521 752 2562 veniunt,
769 2521 815 2556 in
831 2517 949 2556 hunc
965 2517 1149 2555 modum
1165 2516 1411 2564 procedent.
1763 2567 1775 2602 I

268 2579 301 2604 so
1783 2579 1808 2602 n
