2243 3225
465 215 542 252 400
840 207 1293 247 ASTRONOMIAE
1314 205 1737 244 INSTAURATAE

519 319 582 355 Est
602 320 728 365 igitur
746 315 887 354 Stellis
908 314 983 352 sub
1001 313 1171 352 Octaua
1187 313 1371 360 Sphaera
1391 311 1610 359 dispositis,
1631 318 1722 350 tam
1743 313 1795 360 ijs
1816 323 1917 359 quae
1933 311 2108 350 Mundo

465 382 629 409 coaeuae
642 375 939 417 perpetuoque
952 368 1171 409 durantes,
1189 366 1342 413 quales
1356 365 1530 413 septem,
1548 376 1658 412 quos
1670 364 1872 403 Planetas
1883 376 2107 410 vocamus,

464 424 667 465 visuntur,
688 433 822 469 quam
838 421 1036 468 ascititijs‚
1055 419 1092 457 &
1109 425 1224 457 certo
1241 425 1437 466 tempore
1453 418 1539 456 illic
1556 417 1852 463 conformatis,
1868 424 1959 456 vtvt
1973 418 2108 466 paulo

463 476 550 524 post
573 475 863 518 dissoluantur‚
894 473 1107 511 naturalis
1134 473 1340 519 quaedam
1363 474 1429 509 vis
1451 472 1663 509 mouendi
1686 472 1835 516 indita,
1864 483 1952 519 qua
1975 473 2107 510 curri-

463 529 561 567 culo
578 527 810 566 vniuersali
830 528 1054 574 propriam
1073 528 1316 563 motionem
1336 524 1593 568 immiscent;
1615 524 1774 572 Neque
1790 526 1909 562 enirn
1929 524 2028 569 illic,
2049 527 2108 563 vti
2145 538 2162 564 5

462 585 507 620 in
524 581 680 620 octauo
698 581 814 619 Orbe
831 578 1048 618 cunctatio
1065 585 1196 626 atque
1213 580 1337 626 quies
1353 580 1573 616 conuenit.

515 635 792 682 Quapropter
815 645 870 670 ne
894 633 1071 680 quidem
1093 631 1333 670 secundum
1356 631 1471 670 hanc
1493 631 1695 676 nostram,
1719 633 1833 670 circa
1853 630 2108 670 Coelestium

463 694 665 726 naturam
688 693 818 734 atque
842 688 1082 727 circuitum,
1106 687 1500 728 ratiocinationem,
1524 681 1693 734 Stel-ula
1714 684 1811 723 haec
1833 684 1969 723 Noua
1989 685 2107 733 apud
2131 692 2195 724 442

462 741 637 779 Saturni
652 740 762 778 fines
778 741 941 777 morari
957 741 1109 786 potuit,
1126 750 1206 776 nec
1224 741 1356 776 etiam
1371 740 1486 776 intra
1501 738 1692 776 aliorum
1703 738 1985 777 Planetarum
1996 738 2107 776 limi-

461 801 535 838 tes,
553 794 670 841 quod
687 792 967 841 probabiliter
983 792 1036 830 fic
1052 792 1259 830 inducere
1275 792 1511 830 voluimus
2149 805 2179 830 ιο

514 848 557 886 Si
566 854 714 885 tamen
723 847 881 893 aliquis
891 846 1174 883 necessitatem
1184 844 1528 893 irrefragabilem
1537 844 1608 883 hic
1618 856 1710 883 non
1718 844 1874 883 subesse
1884 844 2107 889 obiecerit;

460 901 556 939 licet
579 913 606 938 a
629 901 799 938 Natura
823 899 1158 937 PhaenomenOn
1183 900 1296 937 intra
1323 898 1629 937 Secundorum
1658 898 1890 937 mobilium
1916 897 2109 937 Theatra

462 959 766 991 contentorum
788 955 935 990 minus
959 952 1252 990 consentanea
1273 951 1477 1000 proferat,
1502 958 1652 990 tamen
1674 957 1718 990 vt
1741 951 1779 990 &
1801 951 1904 990 huic
1927 951 2108 990 obuiam

462 1014 596 1051 eatur,
609 1006 703 1044 haec
716 1006 888 1044 addam.
902 1005 944 1044 Si
957 1005 1090 1043 Stella
1102 1005 1172 1051 (de
1185 1017 1273 1053 qua
1284 1005 1471 1053 agimus)
1484 1007 1598 1044 intra
1609 1005 1714 1043 Plan
1721 1011 1892 1044 etatum
1903 1004 2108 1053 Sphaeras

462 1062 593 1098 etiam
613 1072 705 1097 non
725 1059 876 1103 reales,
899 1058 969 1097 sed
990 1059 1150 1106 vbique
1171 1061 1360 1106 peruias,
1383 1059 1707 1106 limpidissimas,
1729 1058 2108 1106 liquidissimasque
2149 1072 2178 1097 15

460 1116 506 1151 in
519 1113 673 1151 eodem
686 1113 782 1151 loco
794 1124 870 1160 per
882 1114 1099 1160 integrum
1110 1112 1296 1150 Annum
1307 1124 1408 1150 cum
1419 1114 1573 1150 triente
1585 1123 1662 1160 per
1673 1112 1713 1150 se
1725 1114 1908 1151 immota
1921 1111 2108 1155 haefisset,

461 1178 551 1204 non
567 1172 714 1204 tamen
730 1172 820 1204 toto
836 1166 920 1203 hoc
936 1171 1131 1213 tempore
1148 1165 1321 1213 prorsus
1338 1165 1526 1204 eandem
1537 1177 1564 1204 a
1575 1165 1814 1214 Cassiopeae
1826 1165 1982 1210 Stellis,
1998 1176 2108 1214 prae·

460 1220 601 1258 sertim
618 1221 669 1268 ijs
686 1231 786 1267 quae
803 1219 923 1266 quasi
939 1219 1130 1257 eundern
1146 1217 1325 1257 ductum
1341 1218 1533 1267 respectu
1545 1219 1766 1266 Eclipticae
1777 1219 1923 1258 aPolo
1939 1230 2040 1257 cum
2056 1230 2108 1257 ea

461 1272 760 1315 conficiebant,
784 1272 926 1320 qualis
949 1284 1040 1319 prae
1064 1274 1230 1310 caeteris
1254 1279 1345 1311 erat
1368 1273 1533 1311 Lucida
1556 1272 1805 1317 Cathedrae‚
1828 1272 2031 1310 Numero
2053 1272 2107 1316 12,

460 1332 589 1374 atque
607 1338 658 1364 ea
675 1337 775 1373 quae
791 1328 836 1363 in
853 1325 965 1363 Pede
983 1325 1037 1363 est
1054 1326 1207 1363 ordine
1223 1325 1415 1374 septima,
1437 1332 1648 1374 perpetuo
1665 1325 1861 1364 obtinere
1881 1327 2021 1374 potuit
2036 1336 2107 1363 ex·
2144 1338 2178 1364 20

459 1378 600 1418 adtam
612 1379 867 1417 distantiam.
885 1379 1099 1417 Promotis
1112 1381 1230 1417 enim
1241 1380 1408 1417 interea
1419 1381 1620 1417 vnanimi
1631 1378 1763 1418 ductu
1774 1378 1981 1418 omnibus
1991 1378 2108 1417 Fixis

460 1432 612 1477 Stellis,
630 1444 718 1470 vno
734 1435 905 1470 minuto
923 1432 960 1470 &
976 1432 1065 1470 fere
1081 1432 1199 1471 sexta
1215 1435 1308 1471 eius
1324 1439 1459 1480 parte,
1475 1438 1520 1471 vt
1535 1433 1671 1480 liquet
1687 1444 1741 1471 ex
1756 1434 1821 1481 ijs,
1839 1443 1940 1480 quae
1952 1432 2107 1480 Capite

459 1486 660 1524 Secundo
682 1486 734 1524 de
755 1492 878 1524 motu
894 1485 1145 1524 Affixarum
1164 1486 1399 1525 Stellarum
1419 1486 1691 1531 tradidimus,
1713 1485 1983 1534 consequens
2003 1491 2107 1530 erat,

459 1551 557 1577 eam
574 1551 673 1586 quae
691 1541 735 1577 in
751 1539 861 1587 pede
879 1539 1116 1587 Cassiopeae
1133 1539 1200 1582 est,
1220 1540 1274 1578 ab
1291 1539 1374 1578 hac
1391 1540 1527 1578 Noua
1542 1540 1736 1578 recessisse
1752 1542 1920 1588 integro
1935 1541 2107 1578 minuto

459 1594 672 1640 proxime:
696 1593 880 1631 alteram
903 1604 1007 1630 vero
1031 1604 1131 1640 quae
1155 1595 1200 1630 in
1224 1592 1448 1631 Cathedra
1472 1593 1623 1637 elucet,
1647 1593 1907 1632 tantundem
1926 1594 2106 1641 propius
2143 1605 2177 1631 25

458 1647 670 1684 accessisse:
690 1647 747 1684 At
763 1658 839 1694 per
856 1646 1194 1684 Instrumentum
1211 1647 1366 1685 eadem
1382 1647 1582 1685 distantia
1598 1647 1652 1685 ab
1669 1653 1852 1695 vtraque
1869 1646 2003 1686 Stella
2017 1651 2108 1684 tam

458 1701 570 1737 circa
582 1701 717 1743 initia,
735 1711 869 1746 quam
881 1702 1002 1738 iuxta
1014 1699 1149 1737 finem
1160 1702 1448 1747 apparitionis
1459 1700 1634 1748 praecise
1647 1699 1970 1739 obseruabatur.
1987 1699 2107 1738 Nam

458 1752 495 1789 &
521 1755 673 1800 integri
698 1755 856 1790 minuti
882 1753 1105 1791 diuersitas
1130 1753 1419 1792 Instrumento
1444 1753 1543 1792 satis
1569 1760 1660 1793 erat
1685 1753 1994 1801 perceptibilis:
2024 1752 2107 1791 Pro

457 1805 572 1844 sexta
589 1808 707 1843 enim
723 1813 856 1853 parte,
874 1818 974 1853 quae
991 1807 1197 1849 abundat.
1215 1807 1514 1855 supponimus,
1532 1819 1582 1846 ac
1594 1807 1623 1845 fi
1634 1809 1764 1846 vnius
1775 1807 1925 1846 saltem
1936 1807 2094 1845 minuti

457 1861 569 1897 circa
581 1871 681 1897 eurn
695 1860 839 1897 locum
854 1859 982 1903 Coeli.
995 1861 1066 1898 vbi
1079 1860 1211 1898 Stella
1223 1861 1491 1904 morabatur,
1503 1860 1615 1900 faeta
1627 1860 1772 1905 suisset,
1785 1860 2107 1909 quoadArcum
2143 1871 2176 1898 30

457 1924 666 1960 magnum
683 1912 940 1955 differentia.
959 1925 1059 1951 cum
1075 1914 1234 1962 gradus
1250 1914 1397 1953 versus
1413 1914 1571 1953 Polum
1587 1913 1793 1953 arctiores
1809 1914 2014 1953 euadant.
2031 1909 2047 1963 ΙΙ

511 1965 728 2012 Quocirca
747 1978 847 2004 cum
863 1967 995 2005 Stella
1016 1966 1111 2005 haee
1133 1968 1321 2006 eandem
1341 1974 1432 2006 toto
1453 1968 1698 2006 durationis
1713 1967 1931 2016 Tempore
1947 1968 1974 2005 a
1989 1966 2106 2005 Fixis
2129 1971 2190 2005 443

458 2021 680 2057 retinuerit
697 2021 1080 2067 intercapedinem,
1099 2021 1222 2059 nullo
1239 2021 1412 2069 prorsus
1428 2024 1601 2060 minuto
1617 2023 1846 2065 variatam,
1865 2032 1958 2059 non
1973 2019 2105 2059 confi-

458 2072 585 2110 stebat
598 2072 709 2110 infra
722 2073 802 2110 has
814 2076 1008 2115 immota,
1021 2075 1396 2121 progredientibus
1409 2075 1737 2123 aliquantulum
1748 2075 1850 2118 iuis3
1867 2074 1952 2114 Sed
1962 2075 2107 2122 potius

458 2137 544 2163 vna
556 2128 600 2162 in
613 2127 774 2172 aequali
786 2126 983 2165 distantia
992 2128 1222 2166 necessario
1232 2127 1440 2175 prouecta
1449 2129 1597 2167 locum
1607 2140 1708 2167 cum
1717 2128 1814 2176 ipfis
1824 2138 2106 2166 communem
2142 2137 2174 2165 ³3

458 2178 654 2220 obtinuit.
673 2180 858 2226 ideoque
875 2180 1002 2227 supra
1017 2183 1217 2219 omnium
1230 2182 1511 2220 planetarum
1525 2182 1665 2221 Orbes
1677 2184 1790 2220 intra
1802 2181 1938 2230 ipsam
1950 2192 2105 2220 earun—

458 2232 556 2268 dem
569 2231 817 2270 Affixarum
830 2233 1062 2271 Stellarum
1075 2234 1305 2282 Sphaeram
1318 2238 1502 2273 omnino
1519 2235 1867 2274 constituebatur.
1885 2234 2018 2282 Quod
2034 2245 2105 2273 ex—

459 2285 712 2330 ponendum
729 2287 1201 2335 demonstrandumque
1219 2288 1493 2336 suscepimus.

511 2339 655 2384 Atque
673 2338 882 2377 hactenus
900 2352 951 2377 ex
969 2341 1175 2388 distantijs
1193 2341 1339 2380 Nouae
1352 2342 1497 2380 Stellae
1514 2343 1569 2381 ad
1586 2345 1752 2381 vicinas
1764 2341 2005 2390 Cassiopeae
2020 2340 2104 2380 col·

459 2391 566 2432 latis,
592 2391 770 2438 alijsque
795 2393 1007 2431 adiunctis
1031 2394 1257 2442 Tecmirijs
1282 2395 1543 2434 sufficienter
1566 2395 1907 2434 demonstratum
1930 2395 2104 2443 reliqui·
2139 2404 2172 2431 ιο

458 2455 567 2484 mus,
592 2444 711 2482 illam
734 2458 811 2483 nec
834 2446 945 2484 infra
968 2447 1139 2485 Lunam
1163 2450 1205 2485 in
1228 2449 1402 2486 Mundo
1425 2450 1703 2492 Elementari‚
1727 2461 1807 2488 nec
1828 2449 1956 2497 supra
1976 2448 2102 2490 hanc.

459 2496 586 2543 vsque
605 2499 647 2534 in
666 2498 824 2540 Solem.
847 2507 920 2537 aut
938 2501 991 2537 ab
1009 2501 1091 2538 hoc
1110 2503 1153 2538 in
1171 2501 1422 2544 Saturnum.
1445 2503 1591 2541 locum
1613 2503 1806 2541 stabilem
1826 2501 2104 2593 adinueniIIJeffi
