<?xml version="1.0" encoding="UTF-8"?>
<!DOCTYPE html PUBLIC "-//W3C//DTD XHTML 1.0 Transitional//EN"
    "http://www.w3.org/TR/xhtml1/DTD/xhtml1-transitional.dtd">
<html xmlns="http://www.w3.org/1999/xhtml" xml:lang="en" lang="en">
 <head>
  <title>
</title>
<meta http-equiv="Content-Type" content="text/html;charset=utf-8" />
  <meta name='ocr-system' content='tesseract 3.04.00' />
  <meta name='ocr-capabilities' content='ocr_page ocr_carea ocr_par ocr_line ocrx_word'/>
</head>
<body>
  <div class='ocr_page' id='page_1' title='image "./operaomniaedidit02brahuoft/operaomniaedidit02brahuoft_0071.png"; bbox 0 0 2164 3246; ppageno 0'>
   <div class='ocr_carea' id='block_1_1' title="bbox 430 218 1783 262">
    <p class='ocr_par' dir='ltr' id='par_1_1' title="bbox 430 218 1783 262">
     <span class='ocr_line' id='line_1_1' title="bbox 430 218 1783 262; baseline 0.004 -5"><span class='ocrx_word' id='word_1_1' title='bbox 430 218 1089 260; x_wconf 88' lang='lat' dir='ltr'>PROGYMNASMATUM</span> <span class='ocrx_word' id='word_1_2' title='bbox 1112 222 1313 260; x_wconf 88' lang='lat' dir='ltr'><strong>PRIMA</strong></span> <span class='ocrx_word' id='word_1_3' title='bbox 1335 223 1485 260; x_wconf 86' lang='lat' dir='ltr'><strong>PARS</strong></span> <span class='ocrx_word' id='word_1_4' title='bbox 1742 225 1783 262; x_wconf 90' lang='lat'>61</span> 
     </span>
    </p>
   </div>
   <div class='ocr_carea' id='block_1_2' title="bbox 65 325 1789 2515">
    <p class='ocr_par' dir='ltr' id='par_1_2' title="bbox 88 325 1785 589">
     <span class='ocr_line' id='line_1_2' title="bbox 139 325 1783 376; baseline 0.001 -10"><span class='ocrx_word' id='word_1_5' title='bbox 139 334 182 366; x_wconf 91' lang='lat' dir='ltr'>vt</span> <span class='ocrx_word' id='word_1_6' title='bbox 197 327 243 365; x_wconf 89' lang='lat' dir='ltr'>fit</span> <span class='ocrx_word' id='word_1_7' title='bbox 253 338 358 365; x_wconf 90' lang='lat' dir='ltr'>vera</span> <span class='ocrx_word' id='word_1_8' title='bbox 369 326 567 364; x_wconf 84' lang='lat' dir='ltr'>Altitudo</span> <span class='ocrx_word' id='word_1_9' title='bbox 579 337 606 363; x_wconf 88' lang='lat' dir='ltr'>a</span> <span class='ocrx_word' id='word_1_10' title='bbox 617 325 835 364; x_wconf 87' lang='lat' dir='ltr'>Parallaxi</span> <span class='ocrx_word' id='word_1_11' title='bbox 848 327 886 364; x_wconf 87' lang='lat'>&amp;</span> <span class='ocrx_word' id='word_1_12' title='bbox 899 327 1170 366; x_wconf 70' lang='lat' dir='ltr'>Refratftione</span> <span class='ocrx_word' id='word_1_13' title='bbox 1187 329 1335 371; x_wconf 82' lang='lat' dir='ltr'>libera,</span> <span class='ocrx_word' id='word_1_14' title='bbox 1352 329 1394 366; x_wconf 90' lang='grc' dir='ltr'>Ρ.</span> <span class='ocrx_word' id='word_1_15' title='bbox 1407 329 1469 367; x_wconf 91' lang='lat'>36.</span> <span class='ocrx_word' id='word_1_16' title='bbox 1485 328 1509 376; x_wconf 94' lang='grc' dir='ltr'>Ι.</span> <span class='ocrx_word' id='word_1_17' title='bbox 1522 330 1584 368; x_wconf 87' lang='lat'>53.</span> <span class='ocrx_word' id='word_1_18' title='bbox 1600 328 1642 376; x_wconf 94' lang='grc' dir='ltr'>ΙΙ.</span> <span class='ocrx_word' id='word_1_19' title='bbox 1655 330 1706 367; x_wconf 84' lang='grc'>40</span> <span class='ocrx_word' id='word_1_20' title='bbox 1722 334 1762 372; x_wconf 60' lang='lat' dir='ltr'>.ss</span> <span class='ocrx_word' id='word_1_21' title='bbox 1777 343 1783 371; x_wconf 85' lang='lat'><em>;</em></span> 
     </span>
     <span class='ocr_line' id='line_1_3' title="bbox 139 378 1784 430; baseline 0 -10"><span class='ocrx_word' id='word_1_22' title='bbox 139 382 326 428; x_wconf 89' lang='lat' dir='ltr'>ideoque</span> <span class='ocrx_word' id='word_1_23' title='bbox 347 379 597 417; x_wconf 90' lang='lat' dir='ltr'>Declinatio</span> <span class='ocrx_word' id='word_1_24' title='bbox 619 378 731 417; x_wconf 88' lang='lat' dir='ltr'>Solis</span> <span class='ocrx_word' id='word_1_25' title='bbox 752 378 795 416; x_wconf 91' lang='lat' dir='ltr'>P.</span> <span class='ocrx_word' id='word_1_26' title='bbox 813 379 848 418; x_wconf 87' lang='lat'>3.</span> <span class='ocrx_word' id='word_1_27' title='bbox 873 379 898 428; x_wconf 93' lang='grc' dir='ltr'>Ι.</span> <span class='ocrx_word' id='word_1_28' title='bbox 919 381 982 418; x_wconf 88' lang='lat'>40.</span> <span class='ocrx_word' id='word_1_29' title='bbox 1007 380 1049 428; x_wconf 84' lang='lat' dir='ltr'>ll.</span> <span class='ocrx_word' id='word_1_30' title='bbox 1071 382 1133 423; x_wconf 88' lang='grc'>20,</span> <span class='ocrx_word' id='word_1_31' title='bbox 1156 384 1224 419; x_wconf 92' lang='lat' dir='ltr'>cui</span> <span class='ocrx_word' id='word_1_32' title='bbox 1247 385 1452 420; x_wconf 91' lang='lat' dir='ltr'>conuenit</span> <span class='ocrx_word' id='word_1_33' title='bbox 1474 383 1719 430; x_wconf 87' lang='lat' dir='ltr'>Longitudo</span> <span class='ocrx_word' id='word_1_34' title='bbox 1740 386 1784 420; x_wconf 90' lang='lat' dir='ltr'>in</span> 
     </span>
     <span class='ocr_line' id='line_1_4' title="bbox 139 432 1785 482; baseline 0 -9"><span class='ocrx_word' id='word_1_35' title='bbox 139 436 182 473; x_wconf 91' lang='lat' dir='ltr'>P.</span> <span class='ocrx_word' id='word_1_36' title='bbox 198 435 234 473; x_wconf 88' lang='lat'>5.</span> <span class='ocrx_word' id='word_1_37' title='bbox 253 432 278 482; x_wconf 92' lang='grc' dir='ltr'>Ι.</span> <span class='ocrx_word' id='word_1_38' title='bbox 296 434 360 473; x_wconf 72' lang='grc'>141·</span> <span class='ocrx_word' id='word_1_39' title='bbox 380 436 442 476; x_wconf 50' lang='lat' dir='ltr'>g:</span> <span class='ocrx_word' id='word_1_40' title='bbox 460 432 615 470; x_wconf 84' lang='lat' dir='ltr'>Noster</span> <span class='ocrx_word' id='word_1_41' title='bbox 631 432 826 470; x_wconf 90' lang='lat' dir='ltr'>calculus</span> <span class='ocrx_word' id='word_1_42' title='bbox 842 434 914 472; x_wconf 89' lang='lat' dir='ltr'>dat</span> <span class='ocrx_word' id='word_1_43' title='bbox 931 434 973 472; x_wconf 91' lang='lat' dir='ltr'>P.</span> <span class='ocrx_word' id='word_1_44' title='bbox 990 435 1026 472; x_wconf 85' lang='lat'>9.</span> <span class='ocrx_word' id='word_1_45' title='bbox 1046 433 1071 482; x_wconf 93' lang='grc' dir='ltr'>Ι.</span> <span class='ocrx_word' id='word_1_46' title='bbox 1089 436 1129 473; x_wconf 88' lang='lat'>15</span> <span class='ocrx_word' id='word_1_47' title='bbox 1147 439 1204 477; x_wconf 53' lang='grc' dir='ltr'>ἓ,</span> <span class='ocrx_word' id='word_1_48' title='bbox 1222 435 1451 473; x_wconf 81' lang='lat' dir='ltr'>insensibili</span> <span class='ocrx_word' id='word_1_49' title='bbox 1468 438 1785 474; x_wconf 90' lang='lat' dir='ltr'>interueniente</span> 
     </span>
     <span class='ocr_line' id='line_1_5' title="bbox 139 485 1785 536; baseline -0.001 -9"><span class='ocrx_word' id='word_1_50' title='bbox 139 487 399 527; x_wconf 83' lang='lat' dir='ltr'>differentia:</span> <span class='ocrx_word' id='word_1_51' title='bbox 423 487 481 524; x_wconf 93' lang='lat' dir='ltr'>At</span> <span class='ocrx_word' id='word_1_52' title='bbox 500 485 802 533; x_wconf 85' lang='lat' dir='ltr'>Alphonfinus</span> <span class='ocrx_word' id='word_1_53' title='bbox 826 488 991 525; x_wconf 82' lang='lat' dir='ltr'>excedit</span> <span class='ocrx_word' id='word_1_54' title='bbox 1014 487 1102 525; x_wconf 89' lang='lat' dir='ltr'>fere</span> <span class='ocrx_word' id='word_1_55' title='bbox 1126 489 1148 526; x_wconf 88' lang='grc'>5</span> <span class='ocrx_word' id='word_1_56' title='bbox 1168 487 1192 535; x_wconf 91' lang='grc' dir='ltr'>Ι.</span> <span class='ocrx_word' id='word_1_57' title='bbox 1218 489 1525 536; x_wconf 88' lang='lat' dir='ltr'>Copernianus</span> <span class='ocrx_word' id='word_1_58' title='bbox 1547 501 1651 526; x_wconf 89' lang='lat' dir='ltr'>vero</span> <span class='ocrx_word' id='word_1_59' title='bbox 1674 501 1785 536; x_wconf 91' lang='lat' dir='ltr'>pene</span> 
     </span>
     <span class='ocr_line' id='line_1_6' title="bbox 88 539 597 589; baseline -0.002 -12"><span class='ocrx_word' id='word_1_60' title='bbox 88 552 104 577; x_wconf 86' lang='lat'>5</span> <span class='ocrx_word' id='word_1_61' title='bbox 140 541 182 580; x_wconf 89' lang='lat'>18</span> <span class='ocrx_word' id='word_1_62' title='bbox 199 539 224 589; x_wconf 93' lang='grc' dir='ltr'>Ι.</span> <span class='ocrx_word' id='word_1_63' title='bbox 241 542 374 579; x_wconf 89' lang='lat' dir='ltr'>etiam</span> <span class='ocrx_word' id='word_1_64' title='bbox 389 539 597 578; x_wconf 86' lang='lat' dir='ltr'><strong>abundat.</strong></span> 
     </span>
    </p>

    <p class='ocr_par' dir='ltr' id='par_1_3' title="bbox 66 592 1789 1391">
     <span class='ocr_line' id='line_1_7' title="bbox 192 592 1788 642; baseline 0 -9"><span class='ocrx_word' id='word_1_65' title='bbox 192 594 276 633; x_wconf 90' lang='lat' dir='ltr'>Sed</span> <span class='ocrx_word' id='word_1_66' title='bbox 291 593 426 642; x_wconf 92' lang='lat' dir='ltr'>paulo</span> <span class='ocrx_word' id='word_1_67' title='bbox 441 595 623 640; x_wconf 90' lang='lat' dir='ltr'>propius</span> <span class='ocrx_word' id='word_1_68' title='bbox 639 592 694 630; x_wconf 93' lang='lat' dir='ltr'>ad</span> <span class='ocrx_word' id='word_1_69' title='bbox 711 598 886 631; x_wconf 84' lang='lat' dir='ltr'>aetatem</span> <span class='ocrx_word' id='word_1_70' title='bbox 898 593 1217 633; x_wconf 89' lang='lat' dir='ltr'>COPERNICI</span> <span class='ocrx_word' id='word_1_71' title='bbox 1234 595 1494 637; x_wconf 82' lang='lat' dir='ltr'>accedendo,</span> <span class='ocrx_word' id='word_1_72' title='bbox 1512 598 1788 642; x_wconf 85' lang='lat' dir='ltr'>experiemur</span> 
     </span>
     <span class='ocr_line' id='line_1_8' title="bbox 66 644 1787 697; baseline -0.002 -8"><span class='ocrx_word' id='word_1_73' title='bbox 66 658 107 689; x_wconf 89' lang='lat'>75</span> <span class='ocrx_word' id='word_1_74' title='bbox 140 647 244 696; x_wconf 90' lang='lat' dir='ltr'>quid</span> <span class='ocrx_word' id='word_1_75' title='bbox 260 647 377 685; x_wconf 92' lang='lat' dir='ltr'>idem</span> <span class='ocrx_word' id='word_1_76' title='bbox 388 645 763 684; x_wconf 89' lang='lat' dir='ltr'>WALTHERVS</span> <span class='ocrx_word' id='word_1_77' title='bbox 779 646 952 685; x_wconf 92' lang='lat' dir='ltr'>duobus</span> <span class='ocrx_word' id='word_1_78' title='bbox 968 644 1344 697; x_wconf 73' lang='grc' dir='ltr'>ν11111115111113111111</span> <span class='ocrx_word' id='word_1_79' title='bbox 1356 649 1787 686; x_wconf 85' lang='lat' dir='ltr'>animaduersionum</span> 
     </span>
     <span class='ocr_line' id='line_1_9' title="bbox 83 699 1787 748; baseline -0.001 -8"><span class='ocrx_word' id='word_1_80' title='bbox 83 711 103 743; x_wconf 79' lang='lat'>†</span> <span class='ocrx_word' id='word_1_81' title='bbox 139 703 268 740; x_wconf 91' lang='lat' dir='ltr'>annis</span> <span class='ocrx_word' id='word_1_82' title='bbox 284 700 499 743; x_wconf 86' lang='lat' dir='ltr'>exhibeat,</span> <span class='ocrx_word' id='word_1_83' title='bbox 517 699 556 737; x_wconf 90' lang='grc'>8(</span> <span class='ocrx_word' id='word_1_84' title='bbox 571 701 765 747; x_wconf 92' lang='lat' dir='ltr'>primum</span> <span class='ocrx_word' id='word_1_85' title='bbox 776 701 911 738; x_wconf 91' lang='lat' dir='ltr'>Anno</span> <span class='ocrx_word' id='word_1_86' title='bbox 926 701 1020 739; x_wconf 91' lang='lat'>1503</span> <span class='ocrx_word' id='word_1_87' title='bbox 1037 701 1105 738; x_wconf 90' lang='lat' dir='ltr'>die</span> <span class='ocrx_word' id='word_1_88' title='bbox 1122 701 1172 739; x_wconf 87' lang='lat'>27</span> <span class='ocrx_word' id='word_1_89' title='bbox 1184 702 1360 748; x_wconf 82' lang='lat' dir='ltr'>Aprilis,</span> <span class='ocrx_word' id='word_1_90' title='bbox 1378 702 1556 748; x_wconf 90' lang='lat' dir='ltr'>quando</span> <span class='ocrx_word' id='word_1_91' title='bbox 1574 704 1631 739; x_wconf 86' lang='lat' dir='ltr'>ait</span> <span class='ocrx_word' id='word_1_92' title='bbox 1648 702 1686 739; x_wconf 87' lang='lat' dir='ltr'>se</span> <span class='ocrx_word' id='word_1_93' title='bbox 1705 703 1787 740; x_wconf 89' lang='lat' dir='ltr'>cla-</span> 
     </span>
     <span class='ocr_line' id='line_1_10' title="bbox 139 753 1787 796; baseline -0.001 -3"><span class='ocrx_word' id='word_1_94' title='bbox 139 766 235 794; x_wconf 89' lang='lat' dir='ltr'>ram</span> <span class='ocrx_word' id='word_1_95' title='bbox 257 753 295 792; x_wconf 89' lang='lat'>&amp;</span> <span class='ocrx_word' id='word_1_96' title='bbox 318 754 588 792; x_wconf 87' lang='lat' dir='ltr'>certissimam</span> <span class='ocrx_word' id='word_1_97' title='bbox 610 765 637 791; x_wconf 96' lang='lat' dir='ltr'>a</span> <span class='ocrx_word' id='word_1_98' title='bbox 659 755 819 791; x_wconf 90' lang='lat' dir='ltr'>vertice</span> <span class='ocrx_word' id='word_1_99' title='bbox 843 753 1071 792; x_wconf 92' lang='lat' dir='ltr'>Chordam</span> <span class='ocrx_word' id='word_1_100' title='bbox 1094 755 1300 792; x_wconf 90' lang='lat' dir='ltr'>inuenisse</span> <span class='ocrx_word' id='word_1_101' title='bbox 1323 754 1466 796; x_wconf 89' lang='grc'>56636,</span> <span class='ocrx_word' id='word_1_102' title='bbox 1491 757 1559 792; x_wconf 89' lang='lat' dir='ltr'>cui</span> <span class='ocrx_word' id='word_1_103' title='bbox 1584 758 1787 792; x_wconf 89' lang='lat' dir='ltr'>conuenit</span> 
     </span>
     <span class='ocr_line' id='line_1_11' title="bbox 74 805 1787 855; baseline 0.001 -11"><span class='ocrx_word' id='word_1_104' title='bbox 74 818 104 844; x_wconf 84' lang='grc' dir='ltr'>ιο</span> <span class='ocrx_word' id='word_1_105' title='bbox 140 807 338 847; x_wconf 86' lang='lat' dir='ltr'>Altitudo</span> <span class='ocrx_word' id='word_1_106' title='bbox 363 807 476 846; x_wconf 91' lang='lat' dir='ltr'>Solis</span> <span class='ocrx_word' id='word_1_107' title='bbox 499 807 542 845; x_wconf 90' lang='lat' dir='ltr'>P.</span> <span class='ocrx_word' id='word_1_108' title='bbox 563 807 627 845; x_wconf 87' lang='lat'>57.</span> <span class='ocrx_word' id='word_1_109' title='bbox 651 805 676 854; x_wconf 91' lang='grc' dir='ltr'>Ι.</span> <span class='ocrx_word' id='word_1_110' title='bbox 698 807 735 851; x_wconf 93' lang='grc'>6,</span> <span class='ocrx_word' id='word_1_111' title='bbox 761 818 838 854; x_wconf 93' lang='lat' dir='ltr'>per</span> <span class='ocrx_word' id='word_1_112' title='bbox 863 807 1114 846; x_wconf 86' lang='lat' dir='ltr'>Parallaxin</span> <span class='ocrx_word' id='word_1_113' title='bbox 1138 808 1371 845; x_wconf 90' lang='lat' dir='ltr'>emendata</span> <span class='ocrx_word' id='word_1_114' title='bbox 1394 808 1435 845; x_wconf 92' lang='lat' dir='ltr'>P.</span> <span class='ocrx_word' id='word_1_115' title='bbox 1460 808 1521 846; x_wconf 90' lang='lat'>57.</span> <span class='ocrx_word' id='word_1_116' title='bbox 1548 807 1573 854; x_wconf 91' lang='grc' dir='ltr'>Ι.</span> <span class='ocrx_word' id='word_1_117' title='bbox 1597 809 1632 846; x_wconf 90' lang='lat'>7.</span> <span class='ocrx_word' id='word_1_118' title='bbox 1659 807 1701 855; x_wconf 92' lang='grc' dir='ltr'>ΙΙ.</span> <span class='ocrx_word' id='word_1_119' title='bbox 1725 809 1787 846; x_wconf 93' lang='grc'>37.</span> 
     </span>
     <span class='ocr_line' id='line_1_12' title="bbox 140 858 1788 909; baseline -0.002 -8"><span class='ocrx_word' id='word_1_120' title='bbox 140 862 331 909; x_wconf 90' lang='lat' dir='ltr'>Ideoque</span> <span class='ocrx_word' id='word_1_121' title='bbox 344 860 593 899; x_wconf 89' lang='lat' dir='ltr'>Declinatio</span> <span class='ocrx_word' id='word_1_122' title='bbox 605 860 648 898; x_wconf 89' lang='lat' dir='ltr'>P.</span> <span class='ocrx_word' id='word_1_123' title='bbox 659 860 713 898; x_wconf 90' lang='grc'>16.</span> <span class='ocrx_word' id='word_1_124' title='bbox 725 858 751 908; x_wconf 92' lang='grc' dir='ltr'>Ι.</span> <span class='ocrx_word' id='word_1_125' title='bbox 761 860 824 899; x_wconf 87' lang='lat'>33.</span> <span class='ocrx_word' id='word_1_126' title='bbox 837 859 880 909; x_wconf 83' lang='lat' dir='ltr'>ll.</span> <span class='ocrx_word' id='word_1_127' title='bbox 891 861 954 905; x_wconf 87' lang='grc'>37,</span> <span class='ocrx_word' id='word_1_128' title='bbox 968 860 1006 898; x_wconf 90' lang='grc'>8(</span> <span class='ocrx_word' id='word_1_129' title='bbox 1018 861 1264 909; x_wconf 87' lang='lat' dir='ltr'>Longitudo</span> <span class='ocrx_word' id='word_1_130' title='bbox 1276 863 1322 898; x_wconf 89' lang='lat' dir='ltr'>in</span> <span class='ocrx_word' id='word_1_131' title='bbox 1334 861 1376 898; x_wconf 88' lang='lat' dir='ltr'>P.</span> <span class='ocrx_word' id='word_1_132' title='bbox 1388 862 1440 899; x_wconf 93' lang='lat'>15.</span> <span class='ocrx_word' id='word_1_133' title='bbox 1454 859 1477 908; x_wconf 94' lang='grc' dir='ltr'>Ι.</span> <span class='ocrx_word' id='word_1_134' title='bbox 1488 861 1538 899; x_wconf 87' lang='lat'>35</span> <span class='ocrx_word' id='word_1_135' title='bbox 1552 863 1608 905; x_wconf 48' lang='lat'><strong>⁸0².</strong></span> <span class='ocrx_word' id='word_1_136' title='bbox 1622 861 1788 899; x_wconf 83' lang='lat' dir='ltr'>Nostrae</span> 
     </span>
     <span class='ocr_line' id='line_1_13' title="bbox 140 914 1789 962; baseline -0.001 -8"><span class='ocrx_word' id='word_1_137' title='bbox 140 916 331 955; x_wconf 86' lang='lat' dir='ltr'>rationes</span> <span class='ocrx_word' id='word_1_138' title='bbox 342 914 447 953; x_wconf 91' lang='lat' dir='ltr'>dant</span> <span class='ocrx_word' id='word_1_139' title='bbox 458 919 566 962; x_wconf 91' lang='lat' dir='ltr'>part.</span> <span class='ocrx_word' id='word_1_140' title='bbox 579 914 632 952; x_wconf 88' lang='lat'>15.</span> <span class='ocrx_word' id='word_1_141' title='bbox 646 916 751 952; x_wconf 91' lang='lat' dir='ltr'><strong>min.</strong></span> <span class='ocrx_word' id='word_1_142' title='bbox 764 914 815 952; x_wconf 90' lang='lat'>34</span> <span class='ocrx_word' id='word_1_143' title='bbox 832 916 890 958; x_wconf 47' lang='grc' dir='ltr'>ὅ,</span> <span class='ocrx_word' id='word_1_144' title='bbox 908 914 1026 962; x_wconf 93' lang='lat' dir='ltr'>quod</span> <span class='ocrx_word' id='word_1_145' title='bbox 1042 916 1329 962; x_wconf 86' lang='lat' dir='ltr'>perexiguum</span> <span class='ocrx_word' id='word_1_146' title='bbox 1346 914 1498 952; x_wconf 81' lang='lat' dir='ltr'>differt.</span> <span class='ocrx_word' id='word_1_147' title='bbox 1516 914 1789 962; x_wconf 88' lang='lat' dir='ltr'>Alphonfina</span> 
     </span>
     <span class='ocr_line' id='line_1_14' title="bbox 139 965 1789 1017; baseline -0.002 -9"><span class='ocrx_word' id='word_1_148' title='bbox 139 968 386 1017; x_wconf 88' lang='lat' dir='ltr'>supputatio</span> <span class='ocrx_word' id='word_1_149' title='bbox 406 967 538 1006; x_wconf 91' lang='lat' dir='ltr'>habet</span> <span class='ocrx_word' id='word_1_150' title='bbox 554 966 610 1006; x_wconf 92' lang='lat' dir='ltr'>G.</span> <span class='ocrx_word' id='word_1_151' title='bbox 628 968 681 1006; x_wconf 88' lang='lat'>15.</span> <span class='ocrx_word' id='word_1_152' title='bbox 701 965 726 1015; x_wconf 97' lang='grc' dir='ltr'>Ι.</span> <span class='ocrx_word' id='word_1_153' title='bbox 743 967 793 1006; x_wconf 83' lang='grc'>43</span> <span class='ocrx_word' id='word_1_154' title='bbox 815 970 856 1012; x_wconf 53' lang='lat'>⁸0²</span> <span class='ocrx_word' id='word_1_155' title='bbox 877 968 1111 1006; x_wconf 90' lang='lat' dir='ltr'>abundans</span> <span class='ocrx_word' id='word_1_156' title='bbox 1132 970 1311 1005; x_wconf 91' lang='lat' dir='ltr'>minutis</span> <span class='ocrx_word' id='word_1_157' title='bbox 1327 968 1363 1006; x_wconf 90' lang='lat'>8.</span> <span class='ocrx_word' id='word_1_158' title='bbox 1386 967 1669 1015; x_wconf 91' lang='lat' dir='ltr'>Coperniana</span> <span class='ocrx_word' id='word_1_159' title='bbox 1686 980 1789 1005; x_wconf 92' lang='lat' dir='ltr'>vero</span> 
     </span>
     <span class='ocr_line' id='line_1_15' title="bbox 140 1020 1788 1070; baseline -0.001 -9"><span class='ocrx_word' id='word_1_160' title='bbox 140 1022 183 1061; x_wconf 92' lang='lat' dir='ltr'><strong>P.</strong></span> <span class='ocrx_word' id='word_1_161' title='bbox 199 1022 254 1061; x_wconf 88' lang='lat'><strong>15.</strong></span> <span class='ocrx_word' id='word_1_162' title='bbox 272 1020 298 1070; x_wconf 94' lang='grc' dir='ltr'>Ι.</span> <span class='ocrx_word' id='word_1_163' title='bbox 314 1021 388 1061; x_wconf 64' lang='lat' dir='ltr'>3OE</span> <span class='ocrx_word' id='word_1_164' title='bbox 408 1023 467 1066; x_wconf 47' lang='grc' dir='ltr'>ὅ,</span> <span class='ocrx_word' id='word_1_165' title='bbox 488 1020 696 1059; x_wconf 89' lang='lat' dir='ltr'>deficiens</span> <span class='ocrx_word' id='word_1_166' title='bbox 717 1023 863 1069; x_wconf 87' lang='lat' dir='ltr'>quinis</span> <span class='ocrx_word' id='word_1_167' title='bbox 883 1024 1083 1069; x_wconf 83' lang='lat' dir='ltr'>proxime</span> <span class='ocrx_word' id='word_1_168' title='bbox 1104 1021 1326 1068; x_wconf 83' lang='lat' dir='ltr'>scrupulis.</span> <span class='ocrx_word' id='word_1_169' title='bbox 1349 1021 1416 1059; x_wconf 90' lang='lat' dir='ltr'>Sic</span> <span class='ocrx_word' id='word_1_170' title='bbox 1433 1022 1566 1059; x_wconf 92' lang='lat' dir='ltr'>Anno</span> <span class='ocrx_word' id='word_1_171' title='bbox 1586 1021 1788 1068; x_wconf 88' lang='lat' dir='ltr'>sequente</span> 
     </span>
     <span class='ocr_line' id='line_1_16' title="bbox 74 1074 1788 1123; baseline 0.001 -12"><span class='ocrx_word' id='word_1_172' title='bbox 74 1085 104 1111; x_wconf 89' lang='lat'>15</span> <span class='ocrx_word' id='word_1_173' title='bbox 140 1076 234 1115; x_wconf 88' lang='lat'>1504</span> <span class='ocrx_word' id='word_1_174' title='bbox 245 1075 315 1114; x_wconf 93' lang='lat' dir='ltr'>die</span> <span class='ocrx_word' id='word_1_175' title='bbox 326 1075 368 1113; x_wconf 92' lang='lat'>18</span> <span class='ocrx_word' id='word_1_176' title='bbox 380 1075 544 1123; x_wconf 90' lang='lat' dir='ltr'>Martij,</span> <span class='ocrx_word' id='word_1_177' title='bbox 561 1075 704 1122; x_wconf 89' lang='lat' dir='ltr'>prodit</span> <span class='ocrx_word' id='word_1_178' title='bbox 715 1074 961 1113; x_wconf 87' lang='lat' dir='ltr'>distantiam</span> <span class='ocrx_word' id='word_1_179' title='bbox 972 1087 998 1113; x_wconf 91' lang='lat' dir='ltr'>a</span> <span class='ocrx_word' id='word_1_180' title='bbox 1009 1077 1168 1113; x_wconf 90' lang='lat' dir='ltr'>vertice</span> <span class='ocrx_word' id='word_1_181' title='bbox 1181 1075 1323 1116; x_wconf 83' lang='lat'><strong>78990.</strong></span> <span class='ocrx_word' id='word_1_182' title='bbox 1341 1087 1475 1122; x_wconf 91' lang='lat' dir='ltr'>quam</span> <span class='ocrx_word' id='word_1_183' title='bbox 1487 1081 1613 1112; x_wconf 92' lang='lat' dir='ltr'>vocat</span> <span class='ocrx_word' id='word_1_184' title='bbox 1626 1075 1788 1112; x_wconf 91' lang='lat' dir='ltr'>claram</span> 
     </span>
     <span class='ocr_line' id='line_1_17' title="bbox 140 1127 1789 1177; baseline -0.001 -10"><span class='ocrx_word' id='word_1_185' title='bbox 140 1129 178 1168; x_wconf 84' lang='lat'>&amp;</span> <span class='ocrx_word' id='word_1_186' title='bbox 201 1129 579 1177; x_wconf 87' lang='lat' dir='ltr'>praecertissimam,</span> <span class='ocrx_word' id='word_1_187' title='bbox 605 1130 676 1166; x_wconf 92' lang='lat' dir='ltr'>cui</span> <span class='ocrx_word' id='word_1_188' title='bbox 701 1127 922 1166; x_wconf 90' lang='lat' dir='ltr'>confidere</span> <span class='ocrx_word' id='word_1_189' title='bbox 947 1128 1086 1166; x_wconf 89' lang='lat' dir='ltr'>liceat.</span> <span class='ocrx_word' id='word_1_190' title='bbox 1113 1129 1232 1166; x_wconf 91' lang='lat' dir='ltr'>Huic</span> <span class='ocrx_word' id='word_1_191' title='bbox 1256 1129 1435 1166; x_wconf 90' lang='lat' dir='ltr'>debetur</span> <span class='ocrx_word' id='word_1_192' title='bbox 1458 1128 1654 1166; x_wconf 88' lang='lat' dir='ltr'>Altitudo</span> <span class='ocrx_word' id='word_1_193' title='bbox 1678 1128 1789 1166; x_wconf 92' lang='lat' dir='ltr'>Solis</span> 
     </span>
     <span class='ocr_line' id='line_1_18' title="bbox 139 1179 1788 1231; baseline -0.001 -10"><span class='ocrx_word' id='word_1_194' title='bbox 139 1182 256 1231; x_wconf 90' lang='lat' dir='ltr'>grad.</span> <span class='ocrx_word' id='word_1_195' title='bbox 272 1182 336 1220; x_wconf 89' lang='lat'>43.</span> <span class='ocrx_word' id='word_1_196' title='bbox 354 1180 380 1231; x_wconf 92' lang='grc' dir='ltr'>Ι.</span> <span class='ocrx_word' id='word_1_197' title='bbox 397 1181 460 1220; x_wconf 88' lang='lat'><strong>28.</strong></span> <span class='ocrx_word' id='word_1_198' title='bbox 479 1179 523 1229; x_wconf 86' lang='lat' dir='ltr'>ll.</span> <span class='ocrx_word' id='word_1_199' title='bbox 540 1181 603 1226; x_wconf 88' lang='lat'>26,</span> <span class='ocrx_word' id='word_1_200' title='bbox 624 1193 701 1229; x_wconf 91' lang='lat' dir='ltr'>per</span> <span class='ocrx_word' id='word_1_201' title='bbox 717 1182 969 1220; x_wconf 89' lang='lat' dir='ltr'>Parallaxin</span> <span class='ocrx_word' id='word_1_202' title='bbox 985 1181 1176 1220; x_wconf 70' lang='lat' dir='ltr'>correcta</span> <span class='ocrx_word' id='word_1_203' title='bbox 1196 1187 1303 1229; x_wconf 92' lang='lat' dir='ltr'>part.</span> <span class='ocrx_word' id='word_1_204' title='bbox 1321 1182 1383 1220; x_wconf 90' lang='lat'>43.</span> <span class='ocrx_word' id='word_1_205' title='bbox 1403 1180 1427 1229; x_wconf 92' lang='grc' dir='ltr'>Ι.</span> <span class='ocrx_word' id='word_1_206' title='bbox 1446 1182 1507 1219; x_wconf 95' lang='lat'>30.</span> <span class='ocrx_word' id='word_1_207' title='bbox 1527 1180 1538 1229; x_wconf 93' lang='grc' dir='ltr'><em>Ι</em></span> <span class='ocrx_word' id='word_1_208' title='bbox 1545 1180 1556 1229; x_wconf 94' lang='grc' dir='ltr'><em>Ι</em></span> <span class='ocrx_word' id='word_1_209' title='bbox 1563 1213 1569 1219; x_wconf 94' lang='grc'><em>.</em></span> <span class='ocrx_word' id='word_1_210' title='bbox 1587 1182 1653 1219; x_wconf 90' lang='lat'>36:</span> <span class='ocrx_word' id='word_1_211' title='bbox 1676 1182 1788 1219; x_wconf 88' lang='lat' dir='ltr'>vnde</span> 
     </span>
     <span class='ocr_line' id='line_1_19' title="bbox 141 1233 1786 1284; baseline -0.002 -10"><span class='ocrx_word' id='word_1_212' title='bbox 141 1235 389 1275; x_wconf 90' lang='lat' dir='ltr'>Declinatio</span> <span class='ocrx_word' id='word_1_213' title='bbox 405 1235 505 1273; x_wconf 90' lang='lat' dir='ltr'><strong>Bor.</strong></span> <span class='ocrx_word' id='word_1_214' title='bbox 518 1235 561 1273; x_wconf 93' lang='lat' dir='ltr'><strong>P.</strong></span> <span class='ocrx_word' id='word_1_215' title='bbox 573 1235 610 1273; x_wconf 93' lang='lat'>2.</span> <span class='ocrx_word' id='word_1_216' title='bbox 625 1233 650 1283; x_wconf 89' lang='grc' dir='ltr'>Ι.</span> <span class='ocrx_word' id='word_1_217' title='bbox 663 1235 726 1274; x_wconf 89' lang='grc'>56.</span> <span class='ocrx_word' id='word_1_218' title='bbox 741 1233 784 1284; x_wconf 95' lang='grc' dir='ltr'>ΙΙ.</span> <span class='ocrx_word' id='word_1_219' title='bbox 796 1235 860 1279; x_wconf 91' lang='grc'>36,</span> <span class='ocrx_word' id='word_1_220' title='bbox 878 1235 916 1273; x_wconf 92' lang='grc'>8(</span> <span class='ocrx_word' id='word_1_221' title='bbox 933 1236 987 1274; x_wconf 93' lang='lat' dir='ltr'>ob</span> <span class='ocrx_word' id='word_1_222' title='bbox 1004 1236 1047 1273; x_wconf 88' lang='lat' dir='ltr'>id</span> <span class='ocrx_word' id='word_1_223' title='bbox 1064 1237 1158 1273; x_wconf 92' lang='lat' dir='ltr'>eius</span> <span class='ocrx_word' id='word_1_224' title='bbox 1175 1236 1419 1283; x_wconf 88' lang='lat' dir='ltr'>Longitudo</span> <span class='ocrx_word' id='word_1_225' title='bbox 1436 1237 1481 1272; x_wconf 90' lang='lat' dir='ltr'>in</span> <span class='ocrx_word' id='word_1_226' title='bbox 1497 1235 1539 1272; x_wconf 93' lang='lat' dir='ltr'><strong>P.</strong></span> <span class='ocrx_word' id='word_1_227' title='bbox 1553 1236 1588 1273; x_wconf 91' lang='lat'><strong>7.</strong></span> <span class='ocrx_word' id='word_1_228' title='bbox 1604 1234 1628 1282; x_wconf 90' lang='grc' dir='ltr'>Ι.</span> <span class='ocrx_word' id='word_1_229' title='bbox 1641 1234 1709 1274; x_wconf 64' lang='lat'>23¹2</span> <span class='ocrx_word' id='word_1_230' title='bbox 1728 1241 1786 1274; x_wconf 72' lang='lat' dir='ltr'>V.</span> 
     </span>
     <span class='ocr_line' id='line_1_20' title="bbox 140 1288 1787 1337; baseline -0.002 -9"><span class='ocrx_word' id='word_1_231' title='bbox 140 1289 294 1328; x_wconf 87' lang='lat' dir='ltr'>Noster</span> <span class='ocrx_word' id='word_1_232' title='bbox 309 1288 503 1327; x_wconf 91' lang='lat' dir='ltr'>calculus</span> <span class='ocrx_word' id='word_1_233' title='bbox 518 1289 683 1337; x_wconf 86' lang='lat' dir='ltr'>praebet</span> <span class='ocrx_word' id='word_1_234' title='bbox 698 1288 872 1337; x_wconf 89' lang='lat' dir='ltr'>prorsus</span> <span class='ocrx_word' id='word_1_235' title='bbox 889 1289 1080 1327; x_wconf 92' lang='lat' dir='ltr'>eundem</span> <span class='ocrx_word' id='word_1_236' title='bbox 1096 1289 1256 1327; x_wconf 93' lang='lat' dir='ltr'>locum.</span> <span class='ocrx_word' id='word_1_237' title='bbox 1274 1290 1331 1327; x_wconf 93' lang='lat' dir='ltr'>At</span> <span class='ocrx_word' id='word_1_238' title='bbox 1342 1288 1640 1336; x_wconf 88' lang='lat' dir='ltr'>Alphonfinus</span> <span class='ocrx_word' id='word_1_239' title='bbox 1652 1288 1787 1326; x_wconf 89' lang='lat' dir='ltr'>abun-</span> 
     </span>
     <span class='ocr_line' id='line_1_21' title="bbox 71 1341 1788 1391; baseline 0.001 -13"><span class='ocrx_word' id='word_1_240' title='bbox 71 1352 104 1378; x_wconf 78' lang='lat'>20</span> <span class='ocrx_word' id='word_1_241' title='bbox 140 1343 213 1382; x_wconf 93' lang='lat' dir='ltr'>dat</span> <span class='ocrx_word' id='word_1_242' title='bbox 226 1344 426 1391; x_wconf 85' lang='lat' dir='ltr'>proxime</span> <span class='ocrx_word' id='word_1_243' title='bbox 438 1347 596 1390; x_wconf 89' lang='lat' dir='ltr'>quarta</span> <span class='ocrx_word' id='word_1_244' title='bbox 606 1343 766 1391; x_wconf 89' lang='lat' dir='ltr'>gradus</span> <span class='ocrx_word' id='word_1_245' title='bbox 777 1348 916 1390; x_wconf 87' lang='lat' dir='ltr'>parte:</span> <span class='ocrx_word' id='word_1_246' title='bbox 935 1342 1170 1390; x_wconf 91' lang='lat' dir='ltr'>Copernici</span> <span class='ocrx_word' id='word_1_247' title='bbox 1182 1354 1286 1380; x_wconf 91' lang='lat' dir='ltr'>vero</span> <span class='ocrx_word' id='word_1_248' title='bbox 1298 1344 1486 1380; x_wconf 89' lang='lat' dir='ltr'>nouenis</span> <span class='ocrx_word' id='word_1_249' title='bbox 1498 1341 1706 1389; x_wconf 81' lang='lat' dir='ltr'>scrupulis</span> <span class='ocrx_word' id='word_1_250' title='bbox 1719 1342 1788 1379; x_wconf 90' lang='lat' dir='ltr'>de-</span> 
     </span>
    </p>

    <p class='ocr_par' dir='ltr' id='par_1_4' title="bbox 65 1395 1789 2515">
     <span class='ocr_line' id='line_1_22' title="bbox 140 1395 1665 1435; baseline -0.002 0"><span class='ocrx_word' id='word_1_251' title='bbox 140 1396 238 1435; x_wconf 90' lang='lat' dir='ltr'>ficit.</span> <span class='ocrx_word' id='word_1_252' title='bbox 255 1396 369 1435; x_wconf 86' lang='lat' dir='ltr'>Haee</span> <span class='ocrx_word' id='word_1_253' title='bbox 384 1398 499 1434; x_wconf 90' lang='lat' dir='ltr'>circa</span> <span class='ocrx_word' id='word_1_254' title='bbox 513 1396 845 1435; x_wconf 91' lang='lat' dir='ltr'>Waltherianas</span> <span class='ocrx_word' id='word_1_255' title='bbox 862 1396 1203 1434; x_wconf 89' lang='lat' dir='ltr'>Obseruationes</span> <span class='ocrx_word' id='word_1_256' title='bbox 1219 1396 1265 1433; x_wconf 88' lang='lat' dir='ltr'>fit</span> <span class='ocrx_word' id='word_1_257' title='bbox 1282 1396 1539 1433; x_wconf 88' lang='lat' dir='ltr'>examinasse</span> <span class='ocrx_word' id='word_1_258' title='bbox 1556 1395 1665 1433; x_wconf 91' lang='lat' dir='ltr'>satis.</span> 
     </span>
     <span class='ocr_line' id='line_1_23' title="bbox 193 1448 1788 1498; baseline -0.002 -10"><span class='ocrx_word' id='word_1_259' title='bbox 193 1449 314 1497; x_wconf 91' lang='lat' dir='ltr'>Quin</span> <span class='ocrx_word' id='word_1_260' title='bbox 324 1449 362 1488; x_wconf 90' lang='grc'>8(</span> <span class='ocrx_word' id='word_1_261' title='bbox 371 1450 427 1488; x_wconf 93' lang='lat' dir='ltr'>ad</span> <span class='ocrx_word' id='word_1_262' title='bbox 438 1449 582 1488; x_wconf 83' lang='lat' dir='ltr'>nostra</span> <span class='ocrx_word' id='word_1_263' title='bbox 593 1455 793 1498; x_wconf 92' lang='lat' dir='ltr'>tempora</span> <span class='ocrx_word' id='word_1_264' title='bbox 804 1461 897 1488; x_wconf 92' lang='lat' dir='ltr'>rem</span> <span class='ocrx_word' id='word_1_265' title='bbox 909 1449 1024 1488; x_wconf 91' lang='lat' dir='ltr'>hanc</span> <span class='ocrx_word' id='word_1_266' title='bbox 1036 1450 1250 1497; x_wconf 89' lang='lat' dir='ltr'>paulatim</span> <span class='ocrx_word' id='word_1_267' title='bbox 1262 1450 1536 1491; x_wconf 84' lang='lat' dir='ltr'>deducentes,</span> <span class='ocrx_word' id='word_1_268' title='bbox 1553 1448 1788 1496; x_wconf 84' lang='lat' dir='ltr'>praesertim</span> 
     </span>
     <span class='ocr_line' id='line_1_24' title="bbox 141 1501 1789 1551; baseline -0.002 -9"><span class='ocrx_word' id='word_1_269' title='bbox 141 1505 254 1542; x_wconf 89' lang='lat' dir='ltr'>circa</span> <span class='ocrx_word' id='word_1_270' title='bbox 272 1503 355 1542; x_wconf 93' lang='lat' dir='ltr'>hos</span> <span class='ocrx_word' id='word_1_271' title='bbox 375 1503 488 1551; x_wconf 90' lang='lat' dir='ltr'>ipsos</span> <span class='ocrx_word' id='word_1_272' title='bbox 508 1515 663 1548; x_wconf 86' lang='lat' dir='ltr'>annos,</span> <span class='ocrx_word' id='word_1_273' title='bbox 685 1503 845 1551; x_wconf 88' lang='lat' dir='ltr'>quibus</span> <span class='ocrx_word' id='word_1_274' title='bbox 866 1504 1002 1542; x_wconf 93' lang='lat' dir='ltr'>Noua</span> <span class='ocrx_word' id='word_1_275' title='bbox 1023 1503 1092 1550; x_wconf 94' lang='lat' dir='ltr'>(de</span> <span class='ocrx_word' id='word_1_276' title='bbox 1115 1515 1203 1551; x_wconf 91' lang='lat' dir='ltr'>qua</span> <span class='ocrx_word' id='word_1_277' title='bbox 1223 1503 1307 1540; x_wconf 92' lang='lat' dir='ltr'>hoc</span> <span class='ocrx_word' id='word_1_278' title='bbox 1328 1503 1457 1541; x_wconf 94' lang='lat' dir='ltr'>Libro</span> <span class='ocrx_word' id='word_1_279' title='bbox 1479 1502 1635 1550; x_wconf 86' lang='lat' dir='ltr'>agitur)</span> <span class='ocrx_word' id='word_1_280' title='bbox 1657 1501 1789 1539; x_wconf 85' lang='lat' dir='ltr'>Stella</span> 
     </span>
     <span class='ocr_line' id='line_1_25' title="bbox 140 1555 1789 1606; baseline -0.002 -11"><span class='ocrx_word' id='word_1_281' title='bbox 140 1559 354 1606; x_wconf 90' lang='lat' dir='ltr'>apparuit,</span> <span class='ocrx_word' id='word_1_282' title='bbox 376 1557 493 1595; x_wconf 89' lang='lat' dir='ltr'>idem</span> <span class='ocrx_word' id='word_1_283' title='bbox 511 1559 801 1604; x_wconf 88' lang='lat' dir='ltr'>experiemur.</span> <span class='ocrx_word' id='word_1_284' title='bbox 824 1557 1088 1595; x_wconf 88' lang='lat' dir='ltr'>Euoluendo</span> <span class='ocrx_word' id='word_1_285' title='bbox 1104 1559 1251 1604; x_wconf 90' lang='lat' dir='ltr'>itaque</span> <span class='ocrx_word' id='word_1_286' title='bbox 1269 1556 1606 1594; x_wconf 88' lang='lat' dir='ltr'>Obseruationes</span> <span class='ocrx_word' id='word_1_287' title='bbox 1623 1555 1789 1601; x_wconf 88' lang='lat' dir='ltr'>aliquot</span> 
     </span>
     <span class='ocr_line' id='line_1_26' title="bbox 71 1607 1789 1658; baseline -0.002 -9"><span class='ocrx_word' id='word_1_288' title='bbox 71 1619 104 1645; x_wconf 86' lang='lat'>2⁵</span> <span class='ocrx_word' id='word_1_289' title='bbox 140 1622 362 1650; x_wconf 89' lang='lat' dir='ltr'>annorum</span> <span class='ocrx_word' id='word_1_290' title='bbox 370 1612 416 1648; x_wconf 91' lang='lat' dir='ltr'>in</span> <span class='ocrx_word' id='word_1_291' title='bbox 425 1610 539 1655; x_wconf 89' lang='lat' dir='ltr'>Sole,</span> <span class='ocrx_word' id='word_1_292' title='bbox 549 1610 660 1648; x_wconf 80' lang='lat' dir='ltr'>mihi</span> <span class='ocrx_word' id='word_1_293' title='bbox 669 1611 724 1649; x_wconf 93' lang='lat' dir='ltr'>ab</span> <span class='ocrx_word' id='word_1_294' title='bbox 732 1610 1005 1649; x_wconf 84' lang='lat' dir='ltr'>Illustrissimo</span> <span class='ocrx_word' id='word_1_295' title='bbox 1013 1609 1549 1658; x_wconf 90' lang='lat' dir='ltr'>PrincipeWILHELMO</span> <span class='ocrx_word' id='word_1_296' title='bbox 1558 1607 1789 1646; x_wconf 84' lang='lat' dir='ltr'>HASSIAE</span> 
     </span>
     <span class='ocr_line' id='line_1_27' title="bbox 141 1661 1788 1711; baseline -0.002 -9"><span class='ocrx_word' id='word_1_297' title='bbox 141 1663 576 1703; x_wconf 89' lang='lat' dir='ltr'>LANDTGRAVIO</span> <span class='ocrx_word' id='word_1_298' title='bbox 589 1666 948 1707; x_wconf 81' lang='lat' dir='ltr'>communicatas.</span> <span class='ocrx_word' id='word_1_299' title='bbox 959 1666 1142 1702; x_wconf 88' lang='lat' dir='ltr'>inuenio</span> <span class='ocrx_word' id='word_1_300' title='bbox 1152 1676 1227 1711; x_wconf 92' lang='lat' dir='ltr'>per</span> <span class='ocrx_word' id='word_1_301' title='bbox 1238 1663 1528 1710; x_wconf 80' lang='lat' dir='ltr'>Quadrantes,</span> <span class='ocrx_word' id='word_1_302' title='bbox 1540 1673 1650 1709; x_wconf 90' lang='lat' dir='ltr'>quos</span> <span class='ocrx_word' id='word_1_303' title='bbox 1660 1661 1788 1708; x_wconf 79' lang='lat' dir='ltr'>ipsius</span> 
     </span>
     <span class='ocr_line' id='line_1_28' title="bbox 141 1715 1787 1762; baseline -0.003 -6"><span class='ocrx_word' id='word_1_304' title='bbox 141 1717 360 1757; x_wconf 88' lang='lat' dir='ltr'>Celfitudo</span> <span class='ocrx_word' id='word_1_305' title='bbox 376 1722 479 1756; x_wconf 89' lang='lat' dir='ltr'>tune</span> <span class='ocrx_word' id='word_1_306' title='bbox 495 1719 541 1755; x_wconf 93' lang='lat' dir='ltr'>in</span> <span class='ocrx_word' id='word_1_307' title='bbox 557 1717 633 1756; x_wconf 94' lang='lat' dir='ltr'>vsu</span> <span class='ocrx_word' id='word_1_308' title='bbox 649 1717 815 1762; x_wconf 88' lang='lat' dir='ltr'>habuit,</span> <span class='ocrx_word' id='word_1_309' title='bbox 834 1717 950 1756; x_wconf 90' lang='lat' dir='ltr'>fuisse</span> <span class='ocrx_word' id='word_1_310' title='bbox 968 1717 1242 1756; x_wconf 91' lang='lat' dir='ltr'>obseruatam</span> <span class='ocrx_word' id='word_1_311' title='bbox 1259 1717 1548 1754; x_wconf 89' lang='lat' dir='ltr'>Altitudinem</span> <span class='ocrx_word' id='word_1_312' title='bbox 1565 1715 1677 1753; x_wconf 88' lang='lat' dir='ltr'>Solis</span> <span class='ocrx_word' id='word_1_313' title='bbox 1693 1715 1787 1752; x_wconf 91' lang='lat' dir='ltr'>Me-</span> 
     </span>
     <span class='ocr_line' id='line_1_29' title="bbox 84 1768 1788 1819; baseline -0.004 -9"><span class='ocrx_word' id='word_1_314' title='bbox 84 1779 104 1810; x_wconf 81' lang='lat'>†</span> <span class='ocrx_word' id='word_1_315' title='bbox 140 1771 358 1810; x_wconf 88' lang='lat' dir='ltr'>ridianam</span> <span class='ocrx_word' id='word_1_316' title='bbox 373 1772 509 1809; x_wconf 89' lang='lat' dir='ltr'>Anno</span> <span class='ocrx_word' id='word_1_317' title='bbox 530 1771 626 1810; x_wconf 88' lang='lat'>1572</span> <span class='ocrx_word' id='word_1_318' title='bbox 646 1771 715 1809; x_wconf 92' lang='lat' dir='ltr'>die</span> <span class='ocrx_word' id='word_1_319' title='bbox 736 1772 760 1810; x_wconf 97' lang='lat'><strong>7</strong></span> <span class='ocrx_word' id='word_1_320' title='bbox 777 1771 926 1819; x_wconf 89' lang='lat' dir='ltr'>Martij</span> <span class='ocrx_word' id='word_1_321' title='bbox 946 1771 988 1809; x_wconf 86' lang='lat' dir='ltr'>P.</span> <span class='ocrx_word' id='word_1_322' title='bbox 1006 1771 1068 1809; x_wconf 91' lang='lat'><strong>37.</strong></span> <span class='ocrx_word' id='word_1_323' title='bbox 1088 1770 1099 1819; x_wconf 95' lang='grc' dir='ltr'><em>Ι</em></span> <span class='ocrx_word' id='word_1_324' title='bbox 1106 1802 1112 1809; x_wconf 92' lang='grc'><em>.</em></span> <span class='ocrx_word' id='word_1_325' title='bbox 1130 1771 1215 1812; x_wconf 59' lang='lat'><strong>283.</strong></span> <span class='ocrx_word' id='word_1_326' title='bbox 1237 1771 1395 1817; x_wconf 90' lang='lat' dir='ltr'>quibus</span> <span class='ocrx_word' id='word_1_327' title='bbox 1412 1769 1651 1807; x_wconf 86' lang='lat' dir='ltr'>Parallaxis</span> <span class='ocrx_word' id='word_1_328' title='bbox 1671 1768 1788 1806; x_wconf 92' lang='lat' dir='ltr'>addit</span> 
     </span>
     <span class='ocr_line' id='line_1_30' title="bbox 142 1821 1786 1873; baseline -0.003 -10"><span class='ocrx_word' id='word_1_329' title='bbox 142 1823 167 1873; x_wconf 92' lang='grc' dir='ltr'>Ι.</span> <span class='ocrx_word' id='word_1_330' title='bbox 183 1824 220 1863; x_wconf 89' lang='grc'>2.</span> <span class='ocrx_word' id='word_1_331' title='bbox 239 1823 282 1873; x_wconf 90' lang='grc' dir='ltr'>ΙΙ.</span> <span class='ocrx_word' id='word_1_332' title='bbox 299 1824 362 1863; x_wconf 87' lang='lat'>22.</span> <span class='ocrx_word' id='word_1_333' title='bbox 384 1824 469 1863; x_wconf 94' lang='lat' dir='ltr'>Sed</span> <span class='ocrx_word' id='word_1_334' title='bbox 485 1823 642 1863; x_wconf 69' lang='lat' dir='ltr'>relidtis</span> <span class='ocrx_word' id='word_1_335' title='bbox 658 1825 742 1863; x_wconf 85' lang='lat' dir='ltr'>istis</span> <span class='ocrx_word' id='word_1_336' title='bbox 760 1823 772 1872; x_wconf 98' lang='grc' dir='ltr'><em>Ι</em></span> <span class='ocrx_word' id='word_1_337' title='bbox 778 1823 803 1872; x_wconf 92' lang='grc' dir='ltr'>Ι.</span> <span class='ocrx_word' id='word_1_338' title='bbox 820 1825 871 1862; x_wconf 88' lang='grc'>22</span> <span class='ocrx_word' id='word_1_339' title='bbox 888 1825 943 1863; x_wconf 93' lang='lat' dir='ltr'>ob</span> <span class='ocrx_word' id='word_1_340' title='bbox 960 1824 1283 1872; x_wconf 90' lang='lat' dir='ltr'>aliquantulam</span> <span class='ocrx_word' id='word_1_341' title='bbox 1300 1821 1603 1861; x_wconf 59' lang='lat' dir='ltr'>refractionem</span> <span class='ocrx_word' id='word_1_342' title='bbox 1624 1821 1705 1859; x_wconf 91' lang='lat' dir='ltr'>sese</span> <span class='ocrx_word' id='word_1_343' title='bbox 1725 1823 1786 1858; x_wconf 92' lang='lat' dir='ltr'>in-</span> 
     </span>
     <span class='ocr_line' id='line_1_31' title="bbox 70 1875 1787 1927; baseline -0.003 -10"><span class='ocrx_word' id='word_1_344' title='bbox 70 1885 104 1912; x_wconf 85' lang='grc'>30</span> <span class='ocrx_word' id='word_1_345' title='bbox 139 1883 373 1927; x_wconf 89' lang='lat' dir='ltr'>gerentem,</span> <span class='ocrx_word' id='word_1_346' title='bbox 395 1880 474 1916; x_wconf 92' lang='lat' dir='ltr'>erit</span> <span class='ocrx_word' id='word_1_347' title='bbox 493 1889 599 1916; x_wconf 91' lang='lat' dir='ltr'>vera</span> <span class='ocrx_word' id='word_1_348' title='bbox 618 1878 858 1916; x_wconf 89' lang='lat' dir='ltr'>sublimitas</span> <span class='ocrx_word' id='word_1_349' title='bbox 878 1879 921 1916; x_wconf 89' lang='lat' dir='ltr'><strong>P.</strong></span> <span class='ocrx_word' id='word_1_350' title='bbox 938 1879 1001 1916; x_wconf 96' lang='lat'>37.</span> <span class='ocrx_word' id='word_1_351' title='bbox 1026 1877 1050 1926; x_wconf 92' lang='grc' dir='ltr'>Ι.</span> <span class='ocrx_word' id='word_1_352' title='bbox 1070 1878 1154 1917; x_wconf 76' lang='lat'><strong>301..</strong></span> <span class='ocrx_word' id='word_1_353' title='bbox 1177 1877 1382 1924; x_wconf 90' lang='lat' dir='ltr'>Cumque</span> <span class='ocrx_word' id='word_1_354' title='bbox 1404 1876 1603 1914; x_wconf 90' lang='lat' dir='ltr'>Eleuatio</span> <span class='ocrx_word' id='word_1_355' title='bbox 1624 1875 1787 1921; x_wconf 90' lang='lat' dir='ltr'>AEqua-</span> 
     </span>
     <span class='ocr_line' id='line_1_32' title="bbox 65 1928 1784 1982; baseline -0.003 -12"><span class='ocrx_word' id='word_1_356' title='bbox 65 1938 107 1970; x_wconf 84' lang='lat'>76</span> <span class='ocrx_word' id='word_1_357' title='bbox 138 1933 242 1970; x_wconf 92' lang='lat' dir='ltr'>toris</span> <span class='ocrx_word' id='word_1_358' title='bbox 257 1931 345 1970; x_wconf 91' lang='lat' dir='ltr'>illic</span> <span class='ocrx_word' id='word_1_359' title='bbox 360 1931 418 1976; x_wconf 88' lang='lat' dir='ltr'>fit,</span> <span class='ocrx_word' id='word_1_360' title='bbox 436 1936 479 1970; x_wconf 93' lang='lat' dir='ltr'>vt</span> <span class='ocrx_word' id='word_1_361' title='bbox 495 1928 510 1982; x_wconf 87' lang='grc' dir='ltr'>ΙΙ</span> <span class='ocrx_word' id='word_1_362' title='bbox 526 1931 655 1980; x_wconf 91' lang='lat' dir='ltr'>supra</span> <span class='ocrx_word' id='word_1_363' title='bbox 670 1932 911 1970; x_wconf 89' lang='lat' dir='ltr'>indicatum</span> <span class='ocrx_word' id='word_1_364' title='bbox 928 1931 983 1970; x_wconf 87' lang='lat' dir='ltr'>est</span> <span class='ocrx_word' id='word_1_365' title='bbox 999 1932 1041 1969; x_wconf 90' lang='lat' dir='ltr'>P.</span> <span class='ocrx_word' id='word_1_366' title='bbox 1059 1932 1121 1970; x_wconf 91' lang='lat'>38.</span> <span class='ocrx_word' id='word_1_367' title='bbox 1141 1930 1165 1979; x_wconf 95' lang='grc' dir='ltr'>Ι.</span> <span class='ocrx_word' id='word_1_368' title='bbox 1182 1932 1236 1973; x_wconf 82' lang='grc'>41,</span> <span class='ocrx_word' id='word_1_369' title='bbox 1255 1932 1458 1978; x_wconf 90' lang='lat' dir='ltr'>prouenit</span> <span class='ocrx_word' id='word_1_370' title='bbox 1474 1929 1721 1967; x_wconf 88' lang='lat' dir='ltr'>Declinatio</span> <span class='ocrx_word' id='word_1_371' title='bbox 1742 1929 1784 1971; x_wconf 74' lang='grc' dir='ltr'>Ε)</span> 
     </span>
     <span class='ocr_line' id='line_1_33' title="bbox 139 1981 1787 2034; baseline -0.004 -10"><span class='ocrx_word' id='word_1_372' title='bbox 139 1984 194 2024; x_wconf 93' lang='lat' dir='ltr'>G.</span> <span class='ocrx_word' id='word_1_373' title='bbox 207 1986 234 2023; x_wconf 97' lang='lat' dir='ltr'>l.</span> <span class='ocrx_word' id='word_1_374' title='bbox 248 1983 261 2034; x_wconf 92' lang='grc' dir='ltr'><em>Ι</em></span> <span class='ocrx_word' id='word_1_375' title='bbox 266 2016 274 2023; x_wconf 94' lang='grc'><em>.</em></span> <span class='ocrx_word' id='word_1_376' title='bbox 287 1985 351 2025; x_wconf 57' lang='lat'>102}</span> <span class='ocrx_word' id='word_1_377' title='bbox 362 1985 580 2030; x_wconf 86' lang='lat' dir='ltr'>Austrina,</span> <span class='ocrx_word' id='word_1_378' title='bbox 593 1986 712 2033; x_wconf 93' lang='lat' dir='ltr'>quod</span> <span class='ocrx_word' id='word_1_379' title='bbox 724 1987 922 2033; x_wconf 88' lang='lat' dir='ltr'>apprime</span> <span class='ocrx_word' id='word_1_380' title='bbox 935 1988 1067 2023; x_wconf 90' lang='lat' dir='ltr'>etiam</span> <span class='ocrx_word' id='word_1_381' title='bbox 1079 1987 1286 2023; x_wconf 88' lang='lat' dir='ltr'>conuenit</span> <span class='ocrx_word' id='word_1_382' title='bbox 1298 1995 1398 2022; x_wconf 91' lang='lat' dir='ltr'>cum</span> <span class='ocrx_word' id='word_1_383' title='bbox 1410 1984 1695 2021; x_wconf 89' lang='lat' dir='ltr'>annotatione</span> <span class='ocrx_word' id='word_1_384' title='bbox 1709 1981 1787 2019; x_wconf 94' lang='lat' dir='ltr'>Or-</span> 
     </span>
     <span class='ocr_line' id='line_1_34' title="bbox 138 2034 1787 2078; baseline -0.002 -1"><span class='ocrx_word' id='word_1_385' title='bbox 138 2039 335 2078; x_wconf 88' lang='lat' dir='ltr'>natissimi</span> <span class='ocrx_word' id='word_1_386' title='bbox 356 2038 395 2077; x_wconf 89' lang='lat'>&amp;</span> <span class='ocrx_word' id='word_1_387' title='bbox 415 2038 576 2077; x_wconf 89' lang='lat' dir='ltr'>harum</span> <span class='ocrx_word' id='word_1_388' title='bbox 596 2040 774 2077; x_wconf 90' lang='lat' dir='ltr'>Artium</span> <span class='ocrx_word' id='word_1_389' title='bbox 799 2040 1073 2077; x_wconf 89' lang='lat' dir='ltr'>amantissimi</span> <span class='ocrx_word' id='word_1_390' title='bbox 1094 2039 1186 2076; x_wconf 90' lang='lat' dir='ltr'>Viri</span> <span class='ocrx_word' id='word_1_391' title='bbox 1207 2038 1261 2075; x_wconf 91' lang='lat' dir='ltr'>D.</span> <span class='ocrx_word' id='word_1_392' title='bbox 1282 2037 1448 2075; x_wconf 91' lang='lat' dir='ltr'><strong>PAVLI</strong></span> <span class='ocrx_word' id='word_1_393' title='bbox 1472 2034 1787 2074; x_wconf 87' lang='lat' dir='ltr'><strong>HEINZELII.</strong></span> 
     </span>
     <span class='ocr_line' id='line_1_35' title="bbox 83 2088 1786 2141; baseline -0.004 -11"><span class='ocrx_word' id='word_1_394' title='bbox 83 2099 103 2130; x_wconf 81' lang='grc'>1·</span> <span class='ocrx_word' id='word_1_395' title='bbox 139 2097 241 2131; x_wconf 91' lang='lat' dir='ltr'>tunc</span> <span class='ocrx_word' id='word_1_396' title='bbox 260 2094 469 2140; x_wconf 89' lang='lat' dir='ltr'>temporis</span> <span class='ocrx_word' id='word_1_397' title='bbox 490 2092 671 2140; x_wconf 91' lang='lat' dir='ltr'>Reipub.</span> <span class='ocrx_word' id='word_1_398' title='bbox 693 2092 961 2141; x_wconf 83' lang='lat' dir='ltr'>Augustanae</span> <span class='ocrx_word' id='word_1_399' title='bbox 983 2092 1197 2135; x_wconf 82' lang='lat' dir='ltr'>Consulis,</span> <span class='ocrx_word' id='word_1_400' title='bbox 1224 2093 1299 2138; x_wconf 90' lang='lat' dir='ltr'>qui</span> <span class='ocrx_word' id='word_1_401' title='bbox 1322 2102 1439 2128; x_wconf 92' lang='lat' dir='ltr'>nunc</span> <span class='ocrx_word' id='word_1_402' title='bbox 1462 2089 1559 2127; x_wconf 90' lang='lat' dir='ltr'>fatis</span> <span class='ocrx_word' id='word_1_403' title='bbox 1583 2088 1786 2126; x_wconf 88' lang='lat' dir='ltr'>concessit.</span> 
     </span>
     <span class='ocr_line' id='line_1_36' title="bbox 69 2142 1787 2193; baseline -0.002 -9"><span class='ocrx_word' id='word_1_404' title='bbox 69 2153 103 2179; x_wconf 86' lang='lat'>³⁵</span> <span class='ocrx_word' id='word_1_405' title='bbox 139 2145 258 2184; x_wconf 89' lang='lat' dir='ltr'>Nam</span> <span class='ocrx_word' id='word_1_406' title='bbox 282 2147 394 2184; x_wconf 91' lang='lat' dir='ltr'>inter</span> <span class='ocrx_word' id='word_1_407' title='bbox 420 2145 762 2184; x_wconf 90' lang='lat' dir='ltr'>Obseruationes</span> <span class='ocrx_word' id='word_1_408' title='bbox 788 2145 912 2189; x_wconf 86' lang='lat' dir='ltr'>Solis.</span> <span class='ocrx_word' id='word_1_409' title='bbox 943 2145 1076 2184; x_wconf 74' lang='lat' dir='ltr'>fad&#39;tas</span> <span class='ocrx_word' id='word_1_410' title='bbox 1101 2157 1177 2193; x_wconf 90' lang='lat' dir='ltr'>per</span> <span class='ocrx_word' id='word_1_411' title='bbox 1202 2147 1446 2182; x_wconf 90' lang='lat' dir='ltr'>maximum</span> <span class='ocrx_word' id='word_1_412' title='bbox 1473 2142 1787 2188; x_wconf 72' lang='lat' dir='ltr'>Quadrantem,</span> 
     </span>
     <span class='ocr_line' id='line_1_37' title="bbox 139 2195 1788 2247; baseline -0.004 -10"><span class='ocrx_word' id='word_1_413' title='bbox 139 2210 271 2247; x_wconf 90' lang='lat' dir='ltr'>quem</span> <span class='ocrx_word' id='word_1_414' title='bbox 284 2199 373 2237; x_wconf 90' lang='lat' dir='ltr'>illic</span> <span class='ocrx_word' id='word_1_415' title='bbox 384 2201 430 2237; x_wconf 92' lang='lat' dir='ltr'>in</span> <span class='ocrx_word' id='word_1_416' title='bbox 442 2199 612 2238; x_wconf 85' lang='lat' dir='ltr'>Praedio</span> <span class='ocrx_word' id='word_1_417' title='bbox 629 2201 724 2238; x_wconf 93' lang='lat' dir='ltr'>eius</span> <span class='ocrx_word' id='word_1_418' title='bbox 741 2206 863 2237; x_wconf 88' lang='lat' dir='ltr'>extra</span> <span class='ocrx_word' id='word_1_419' title='bbox 875 2199 1037 2238; x_wconf 91' lang='lat' dir='ltr'>Vrbem</span> <span class='ocrx_word' id='word_1_420' title='bbox 1055 2199 1124 2246; x_wconf 90' lang='lat' dir='ltr'>(de</span> <span class='ocrx_word' id='word_1_421' title='bbox 1142 2210 1230 2246; x_wconf 92' lang='lat' dir='ltr'>quo</span> <span class='ocrx_word' id='word_1_422' title='bbox 1243 2198 1397 2245; x_wconf 89' lang='lat' dir='ltr'>Capite</span> <span class='ocrx_word' id='word_1_423' title='bbox 1414 2198 1437 2234; x_wconf 90' lang='lat'>4</span> <span class='ocrx_word' id='word_1_424' title='bbox 1454 2196 1592 2243; x_wconf 85' lang='lat' dir='ltr'>plura.</span> <span class='ocrx_word' id='word_1_425' title='bbox 1611 2195 1788 2242; x_wconf 92' lang='lat' dir='ltr'>quando</span> 
     </span>
     <span class='ocr_line' id='line_1_38' title="bbox 139 2248 1787 2301; baseline -0.004 -10"><span class='ocrx_word' id='word_1_426' title='bbox 139 2254 232 2291; x_wconf 91' lang='lat' dir='ltr'>eius</span> <span class='ocrx_word' id='word_1_427' title='bbox 247 2251 438 2291; x_wconf 90' lang='lat' dir='ltr'>formam</span> <span class='ocrx_word' id='word_1_428' title='bbox 454 2252 492 2290; x_wconf 90' lang='grc'>8(</span> <span class='ocrx_word' id='word_1_429' title='bbox 507 2253 857 2301; x_wconf 88' lang='lat' dir='ltr'>magnitudinem</span> <span class='ocrx_word' id='word_1_430' title='bbox 879 2253 1129 2298; x_wconf 89' lang='lat' dir='ltr'>declarabo)</span> <span class='ocrx_word' id='word_1_431' title='bbox 1151 2252 1327 2300; x_wconf 90' lang='lat' dir='ltr'>ipsemet</span> <span class='ocrx_word' id='word_1_432' title='bbox 1348 2262 1448 2288; x_wconf 92' lang='lat' dir='ltr'>cum</span> <span class='ocrx_word' id='word_1_433' title='bbox 1465 2248 1668 2296; x_wconf 82' lang='lat' dir='ltr'>Augustae</span> <span class='ocrx_word' id='word_1_434' title='bbox 1686 2248 1787 2284; x_wconf 90' lang='lat' dir='ltr'>Vin-</span> 
     </span>
     <span class='ocr_line' id='line_1_39' title="bbox 138 2301 1787 2353; baseline -0.004 -9"><span class='ocrx_word' id='word_1_435' title='bbox 138 2305 380 2344; x_wconf 89' lang='lat' dir='ltr'>delicorum</span> <span class='ocrx_word' id='word_1_436' title='bbox 400 2318 711 2351; x_wconf 91' lang='lat' dir='ltr'>commorarer,</span> <span class='ocrx_word' id='word_1_437' title='bbox 733 2306 914 2345; x_wconf 91' lang='lat' dir='ltr'>confieri</span> <span class='ocrx_word' id='word_1_438' title='bbox 935 2306 1032 2344; x_wconf 87' lang='lat' dir='ltr'>feci:</span> <span class='ocrx_word' id='word_1_439' title='bbox 1055 2317 1165 2353; x_wconf 87' lang='lat' dir='ltr'>quas</span> <span class='ocrx_word' id='word_1_440' title='bbox 1184 2305 1351 2352; x_wconf 90' lang='lat' dir='ltr'>aliquot</span> <span class='ocrx_word' id='word_1_441' title='bbox 1368 2306 1495 2342; x_wconf 90' lang='lat' dir='ltr'>annis</span> <span class='ocrx_word' id='word_1_442' title='bbox 1516 2301 1661 2343; x_wconf 74' lang='lat' dir='ltr'>fac&#39;tas,</span> <span class='ocrx_word' id='word_1_443' title='bbox 1683 2301 1787 2348; x_wconf 83' lang='lat' dir='ltr'>post-</span> 
     </span>
     <span class='ocr_line' id='line_1_40' title="bbox 139 2355 1788 2407; baseline -0.004 -9"><span class='ocrx_word' id='word_1_444' title='bbox 139 2370 274 2407; x_wconf 90' lang='lat' dir='ltr'>quam</span> <span class='ocrx_word' id='word_1_445' title='bbox 290 2359 408 2398; x_wconf 92' lang='lat' dir='ltr'>illinc</span> <span class='ocrx_word' id='word_1_446' title='bbox 425 2359 702 2404; x_wconf 89' lang='lat' dir='ltr'>discesseram,</span> <span class='ocrx_word' id='word_1_447' title='bbox 719 2360 805 2398; x_wconf 93' lang='lat' dir='ltr'>huc</span> <span class='ocrx_word' id='word_1_448' title='bbox 822 2362 868 2397; x_wconf 92' lang='lat' dir='ltr'>in</span> <span class='ocrx_word' id='word_1_449' title='bbox 885 2360 1080 2398; x_wconf 91' lang='lat' dir='ltr'>Daniam</span> <span class='ocrx_word' id='word_1_450' title='bbox 1097 2359 1152 2397; x_wconf 91' lang='lat' dir='ltr'>ad</span> <span class='ocrx_word' id='word_1_451' title='bbox 1169 2370 1238 2396; x_wconf 90' lang='lat' dir='ltr'>me</span> <span class='ocrx_word' id='word_1_452' title='bbox 1256 2357 1376 2400; x_wconf 83' lang='lat' dir='ltr'>misit,</span> <span class='ocrx_word' id='word_1_453' title='bbox 1399 2358 1580 2394; x_wconf 89' lang='lat' dir='ltr'>inuenio</span> <span class='ocrx_word' id='word_1_454' title='bbox 1599 2355 1654 2393; x_wconf 92' lang='lat' dir='ltr'>ad</span> <span class='ocrx_word' id='word_1_455' title='bbox 1673 2355 1788 2392; x_wconf 90' lang='lat' dir='ltr'>diem</span> 
     </span>
     <span class='ocr_line' id='line_1_41' title="bbox 69 2408 1786 2462; baseline -0.005 -10"><span class='ocrx_word' id='word_1_456' title='bbox 69 2419 103 2445; x_wconf 84' lang='lat'>⁴0</span> <span class='ocrx_word' id='word_1_457' title='bbox 138 2412 162 2451; x_wconf 93' lang='lat'><strong>7</strong></span> <span class='ocrx_word' id='word_1_458' title='bbox 174 2412 338 2462; x_wconf 87' lang='lat' dir='ltr'>Martij,</span> <span class='ocrx_word' id='word_1_459' title='bbox 355 2414 605 2462; x_wconf 88' lang='lat' dir='ltr'>assignatam</span> <span class='ocrx_word' id='word_1_460' title='bbox 622 2415 717 2451; x_wconf 91' lang='lat' dir='ltr'>eius</span> <span class='ocrx_word' id='word_1_461' title='bbox 733 2425 871 2451; x_wconf 92' lang='lat' dir='ltr'>manu</span> <span class='ocrx_word' id='word_1_462' title='bbox 886 2413 1242 2451; x_wconf 90' lang='lat' dir='ltr'>Declinationem</span> <span class='ocrx_word' id='word_1_463' title='bbox 1259 2412 1300 2449; x_wconf 92' lang='lat' dir='ltr'>P.</span> <span class='ocrx_word' id='word_1_464' title='bbox 1315 2412 1341 2448; x_wconf 94' lang='grc'>1.</span> <span class='ocrx_word' id='word_1_465' title='bbox 1357 2410 1469 2457; x_wconf 61' lang='grc' dir='ltr'>Ι.101.</span> <span class='ocrx_word' id='word_1_466' title='bbox 1488 2409 1541 2446; x_wconf 91' lang='lat' dir='ltr'>Vt</span> <span class='ocrx_word' id='word_1_467' title='bbox 1558 2408 1610 2445; x_wconf 85' lang='lat' dir='ltr'>sle</span> <span class='ocrx_word' id='word_1_468' title='bbox 1627 2408 1786 2454; x_wconf 88' lang='lat' dir='ltr'>duplici</span> 
     </span>
     <span class='ocr_line' id='line_1_42' title="bbox 137 2461 1786 2515; baseline -0.005 -10"><span class='ocrx_word' id='word_1_469' title='bbox 137 2465 380 2505; x_wconf 81' lang='lat' dir='ltr'>testimonio</span> <span class='ocrx_word' id='word_1_470' title='bbox 392 2467 712 2515; x_wconf 82' lang='lat' dir='ltr'>comprobetur.</span> <span class='ocrx_word' id='word_1_471' title='bbox 726 2478 826 2505; x_wconf 93' lang='lat' dir='ltr'>eam</span> <span class='ocrx_word' id='word_1_472' title='bbox 838 2465 950 2504; x_wconf 66' lang='lat' dir='ltr'>redte</span> <span class='ocrx_word' id='word_1_473' title='bbox 961 2467 1001 2504; x_wconf 93' lang='lat' dir='ltr'>se</span> <span class='ocrx_word' id='word_1_474' title='bbox 1014 2466 1188 2504; x_wconf 88' lang='lat' dir='ltr'>habere.</span> <span class='ocrx_word' id='word_1_475' title='bbox 1203 2465 1422 2511; x_wconf 87' lang='lat' dir='ltr'>Competit</span> <span class='ocrx_word' id='word_1_476' title='bbox 1433 2468 1580 2501; x_wconf 90' lang='lat' dir='ltr'>autem</span> <span class='ocrx_word' id='word_1_477' title='bbox 1590 2461 1691 2498; x_wconf 88' lang='lat' dir='ltr'>huic</span> <span class='ocrx_word' id='word_1_478' title='bbox 1703 2461 1786 2497; x_wconf 89' lang='lat' dir='ltr'>De-</span> 
     </span>
    </p>
   </div>
   <div class='ocr_carea' id='block_1_3' title="bbox 138 2513 1787 2613">
    <p class='ocr_par' dir='ltr' id='par_1_5' title="bbox 138 2513 1787 2613">
     <span class='ocr_line' id='line_1_43' title="bbox 138 2513 1752 2603; baseline -0.004 -45"><span class='ocrx_word' id='word_1_479' title='bbox 138 2519 363 2558; x_wconf 90' lang='lat' dir='ltr'>clinationi</span> <span class='ocrx_word' id='word_1_480' title='bbox 380 2520 628 2568; x_wconf 89' lang='lat' dir='ltr'>Longitudo</span> <span class='ocrx_word' id='word_1_481' title='bbox 649 2522 692 2565; x_wconf 72' lang='grc' dir='ltr'>Ε)</span> <span class='ocrx_word' id='word_1_482' title='bbox 712 2522 757 2558; x_wconf 91' lang='grc'>111</span> <span class='ocrx_word' id='word_1_483' title='bbox 772 2519 827 2558; x_wconf 89' lang='lat' dir='ltr'>G.</span> <span class='ocrx_word' id='word_1_484' title='bbox 841 2520 903 2557; x_wconf 92' lang='lat'>27.</span> <span class='ocrx_word' id='word_1_485' title='bbox 919 2519 943 2567; x_wconf 93' lang='grc' dir='ltr'>Ι.</span> <span class='ocrx_word' id='word_1_486' title='bbox 957 2520 996 2559; x_wconf 70' lang='lat'>3}</span> <span class='ocrx_word' id='word_1_487' title='bbox 1023 2522 1076 2563; x_wconf 62' lang='grc'>)(.</span> <span class='ocrx_word' id='word_1_488' title='bbox 1095 2518 1248 2556; x_wconf 86' lang='lat' dir='ltr'>Noster</span> <span class='ocrx_word' id='word_1_489' title='bbox 1265 2517 1457 2555; x_wconf 89' lang='lat' dir='ltr'>calculus</span> <span class='ocrx_word' id='word_1_490' title='bbox 1475 2516 1545 2553; x_wconf 88' lang='lat' dir='ltr'>dat</span> <span class='ocrx_word' id='word_1_491' title='bbox 1560 2515 1600 2551; x_wconf 87' lang='lat' dir='ltr'>P.</span> <span class='ocrx_word' id='word_1_492' title='bbox 1614 2514 1675 2551; x_wconf 89' lang='lat'>27.</span> <span class='ocrx_word' id='word_1_493' title='bbox 1692 2513 1786 2603; x_wconf 61' lang='lat' dir='ltr'>(bZ&#39;</span> 
     </span>
     <span class='ocr_line' id='line_1_44' title="bbox 1631 2577 1787 2613; baseline -0.006 -10"><span class='ocrx_word' id='word_1_494' title='bbox 1631 2579 1703 2613; x_wconf 85' lang='lat' dir='ltr'>qui</span> <span class='ocrx_word' id='word_1_495' title='bbox 1738 2577 1787 2602; x_wconf 88' lang='lat' dir='ltr'>us</span> 
     </span>
    </p>
   </div>
  </div>
 </body>
</html>
