<?xml version="1.0" encoding="UTF-8"?>
<!DOCTYPE html PUBLIC "-//W3C//DTD XHTML 1.0 Transitional//EN"
    "http://www.w3.org/TR/xhtml1/DTD/xhtml1-transitional.dtd">
<html xmlns="http://www.w3.org/1999/xhtml" xml:lang="en" lang="en">
 <head>
  <title>
</title>
<meta http-equiv="Content-Type" content="text/html;charset=utf-8" />
  <meta name='ocr-system' content='tesseract 3.04.00' />
  <meta name='ocr-capabilities' content='ocr_page ocr_carea ocr_par ocr_line ocrx_word'/>
</head>
<body>
  <div class='ocr_page' id='page_1' title='image "./operaomniaedidit02brahuoft_0358.png"; bbox 0 0 2243 3225; ppageno 0'>
   <div class='ocr_carea' id='block_1_1' title="bbox 389 204 1654 248">
    <p class='ocr_par' dir='ltr' id='par_1_1' title="bbox 389 204 1654 248">
     <span class='ocr_line' id='line_1_1' title="bbox 389 204 1654 248; baseline -0.005 0"><span class='ocrx_word' id='word_1_1' title='bbox 389 211 464 248; x_wconf 85' lang='lat'>342</span> <span class='ocrx_word' id='word_1_2' title='bbox 761 207 1212 246; x_wconf 82' lang='lat' dir='ltr'>ASTRONOMIAE</span> <span class='ocrx_word' id='word_1_3' title='bbox 1234 204 1654 245; x_wconf 87' lang='lat' dir='ltr'>INSTAURATAE</span> 
     </span>
    </p>
   </div>
   <div class='ocr_carea' id='block_1_2' title="bbox 387 310 2026 467">
    <p class='ocr_par' dir='ltr' id='par_1_2' title="bbox 387 310 2026 467">
     <span class='ocr_line' id='line_1_2' title="bbox 387 310 2026 362; baseline -0.002 -9"><span class='ocrx_word' id='word_1_4' title='bbox 387 320 594 362; x_wconf 90' lang='lat' dir='ltr'>perpetuo</span> <span class='ocrx_word' id='word_1_5' title='bbox 619 316 664 351; x_wconf 92' lang='lat' dir='ltr'>in</span> <span class='ocrx_word' id='word_1_6' title='bbox 689 313 844 351; x_wconf 93' lang='lat' dir='ltr'>eodem</span> <span class='ocrx_word' id='word_1_7' title='bbox 868 319 1018 350; x_wconf 92' lang='lat' dir='ltr'>tenore</span> <span class='ocrx_word' id='word_1_8' title='bbox 1043 312 1385 360; x_wconf 90' lang='lat' dir='ltr'>permanserunt,</span> <span class='ocrx_word' id='word_1_9' title='bbox 1411 322 1491 349; x_wconf 89' lang='lat' dir='ltr'>nec</span> <span class='ocrx_word' id='word_1_10' title='bbox 1516 322 1593 358; x_wconf 90' lang='lat' dir='ltr'>per</span> <span class='ocrx_word' id='word_1_11' title='bbox 1616 310 1865 349; x_wconf 87' lang='lat' dir='ltr'>vniuersam</span> <span class='ocrx_word' id='word_1_12' title='bbox 1881 310 2026 350; x_wconf 86' lang='lat' dir='ltr'>Stellae</span> 
     </span>
     <span class='ocr_line' id='line_1_3' title="bbox 387 363 2026 413; baseline -0.002 -8"><span class='ocrx_word' id='word_1_13' title='bbox 387 369 673 409; x_wconf 84' lang='lat' dir='ltr'>durationem,</span> <span class='ocrx_word' id='word_1_14' title='bbox 708 366 873 413; x_wconf 89' lang='lat' dir='ltr'>aliquid</span> <span class='ocrx_word' id='word_1_15' title='bbox 907 367 1162 403; x_wconf 85' lang='lat' dir='ltr'><strong>mutationis</strong></span> <span class='ocrx_word' id='word_1_16' title='bbox 1195 365 1473 408; x_wconf 90' lang='lat' dir='ltr'>admiserunt,</span> <span class='ocrx_word' id='word_1_17' title='bbox 1510 363 1588 402; x_wconf 89' lang='lat' dir='ltr'>nifi</span> <span class='ocrx_word' id='word_1_18' title='bbox 1621 363 1730 402; x_wconf 86' lang='lat' dir='ltr'>forte</span> <span class='ocrx_word' id='word_1_19' title='bbox 1764 363 2026 409; x_wconf 84' lang='lat' dir='ltr'>Declinatio,</span> 
     </span>
     <span class='ocr_line' id='line_1_4' title="bbox 387 416 2026 467; baseline -0.002 -9"><span class='ocrx_word' id='word_1_20' title='bbox 387 420 758 467; x_wconf 84' lang='lat' dir='ltr'>quemadmodum</span> <span class='ocrx_word' id='word_1_21' title='bbox 780 421 826 456; x_wconf 90' lang='lat' dir='ltr'>in</span> <span class='ocrx_word' id='word_1_22' title='bbox 849 419 964 456; x_wconf 86' lang='lat' dir='ltr'>Fixis</span> <span class='ocrx_word' id='word_1_23' title='bbox 987 418 1141 462; x_wconf 90' lang='lat' dir='ltr'>Stellis‚</span> <span class='ocrx_word' id='word_1_24' title='bbox 1167 416 1510 465; x_wconf 70' lang='lat' dir='ltr'>AEquinodtialia</span> <span class='ocrx_word' id='word_1_25' title='bbox 1531 417 1768 465; x_wconf 84' lang='lat' dir='ltr'>praesertim</span> <span class='ocrx_word' id='word_1_26' title='bbox 1793 417 1890 456; x_wconf 90' lang='lat' dir='ltr'>loca</span> <span class='ocrx_word' id='word_1_27' title='bbox 1913 417 2026 465; x_wconf 91' lang='lat' dir='ltr'>spec-</span> 
     </span>
    </p>
   </div>
   <div class='ocr_carea' id='block_1_3' title="bbox 386 468 2114 521">
    <p class='ocr_par' dir='ltr' id='par_1_3' title="bbox 386 468 2114 521">
     <span class='ocr_line' id='line_1_5' title="bbox 386 468 2114 521; baseline -0.001 -11"><span class='ocrx_word' id='word_1_28' title='bbox 386 474 573 511; x_wconf 87' lang='lat' dir='ltr'>tantibus</span> <span class='ocrx_word' id='word_1_29' title='bbox 598 472 673 510; x_wconf 89' lang='lat' dir='ltr'>vsu</span> <span class='ocrx_word' id='word_1_30' title='bbox 697 474 826 515; x_wconf 92' lang='lat' dir='ltr'>venit,</span> <span class='ocrx_word' id='word_1_31' title='bbox 857 468 871 521; x_wconf 87' lang='grc' dir='ltr'>ΙΙ</span> <span class='ocrx_word' id='word_1_32' title='bbox 901 471 1195 519; x_wconf 88' lang='lat' dir='ltr'>pauxillulum</span> <span class='ocrx_word' id='word_1_33' title='bbox 1221 471 1325 518; x_wconf 92' lang='lat' dir='ltr'>quid</span> <span class='ocrx_word' id='word_1_34' title='bbox 1355 471 1538 509; x_wconf 89' lang='lat' dir='ltr'>alterata</span> <span class='ocrx_word' id='word_1_35' title='bbox 1564 469 1704 515; x_wconf 89' lang='lat' dir='ltr'>fuerit,</span> <span class='ocrx_word' id='word_1_36' title='bbox 1735 471 1854 518; x_wconf 92' lang='lat' dir='ltr'>quod</span> <span class='ocrx_word' id='word_1_37' title='bbox 1877 476 2027 509; x_wconf 89' lang='lat' dir='ltr'>tamen</span> <span class='ocrx_word' id='word_1_38' title='bbox 2050 477 2114 510; x_wconf 88' lang='grc'>352</span> 
     </span>
    </p>
   </div>
   <div class='ocr_carea' id='block_1_4' title="bbox 383 525 2027 839">
    <p class='ocr_par' dir='ltr' id='par_1_4' title="bbox 383 525 2027 839">
     <span class='ocr_line' id='line_1_6' title="bbox 384 525 2026 571; baseline -0.001 -8"><span class='ocrx_word' id='word_1_39' title='bbox 384 527 438 563; x_wconf 93' lang='lat' dir='ltr'>ob</span> <span class='ocrx_word' id='word_1_40' title='bbox 455 528 637 563; x_wconf 88' lang='lat' dir='ltr'>nimiam</span> <span class='ocrx_word' id='word_1_41' title='bbox 655 525 904 568; x_wconf 83' lang='lat' dir='ltr'>exilitatem,</span> <span class='ocrx_word' id='word_1_42' title='bbox 926 536 1026 562; x_wconf 93' lang='lat' dir='ltr'>cum</span> <span class='ocrx_word' id='word_1_43' title='bbox 1042 527 1114 561; x_wconf 83' lang='lat' dir='ltr'>vix</span> <span class='ocrx_word' id='word_1_44' title='bbox 1130 526 1301 562; x_wconf 89' lang='lat' dir='ltr'>tertiam</span> <span class='ocrx_word' id='word_1_45' title='bbox 1317 526 1475 561; x_wconf 89' lang='lat' dir='ltr'>minuti</span> <span class='ocrx_word' id='word_1_46' title='bbox 1491 529 1660 571; x_wconf 90' lang='lat' dir='ltr'>partem</span> <span class='ocrx_word' id='word_1_47' title='bbox 1675 526 1884 571; x_wconf 87' lang='lat' dir='ltr'>attingere</span> <span class='ocrx_word' id='word_1_48' title='bbox 1902 529 2026 571; x_wconf 91' lang='lat' dir='ltr'>potu-</span> 
     </span>
     <span class='ocr_line' id='line_1_7' title="bbox 385 576 2026 622; baseline -0.001 -6"><span class='ocrx_word' id='word_1_49' title='bbox 385 581 473 622; x_wconf 85' lang='lat' dir='ltr'>erit,</span> <span class='ocrx_word' id='word_1_50' title='bbox 498 578 735 616; x_wconf 89' lang='lat' dir='ltr'>insenfibile</span> <span class='ocrx_word' id='word_1_51' title='bbox 757 583 859 622; x_wconf 88' lang='lat' dir='ltr'>erat,</span> <span class='ocrx_word' id='word_1_52' title='bbox 884 577 960 615; x_wconf 88' lang='lat' dir='ltr'>nifi</span> <span class='ocrx_word' id='word_1_53' title='bbox 981 577 1241 615; x_wconf 91' lang='lat' dir='ltr'>eiuscemodi</span> <span class='ocrx_word' id='word_1_54' title='bbox 1263 577 1551 615; x_wconf 86' lang='lat' dir='ltr'>Instrumenta</span> <span class='ocrx_word' id='word_1_55' title='bbox 1570 582 1673 615; x_wconf 93' lang='lat' dir='ltr'>tunc</span> <span class='ocrx_word' id='word_1_56' title='bbox 1693 577 1749 615; x_wconf 90' lang='lat' dir='ltr'>ad</span> <span class='ocrx_word' id='word_1_57' title='bbox 1769 588 1930 615; x_wconf 91' lang='lat' dir='ltr'>manus</span> <span class='ocrx_word' id='word_1_58' title='bbox 1949 576 2026 615; x_wconf 91' lang='lat' dir='ltr'>ha-</span> 
     </span>
     <span class='ocr_line' id='line_1_8' title="bbox 383 630 2027 679; baseline -0.001 -10"><span class='ocrx_word' id='word_1_59' title='bbox 383 632 569 674; x_wconf 84' lang='lat' dir='ltr'>buissem,</span> <span class='ocrx_word' id='word_1_60' title='bbox 591 631 740 679; x_wconf 89' lang='lat' dir='ltr'>qualia</span> <span class='ocrx_word' id='word_1_61' title='bbox 755 643 872 669; x_wconf 93' lang='lat' dir='ltr'>nunc</span> <span class='ocrx_word' id='word_1_62' title='bbox 889 633 1126 678; x_wconf 90' lang='lat' dir='ltr'>impromtu</span> <span class='ocrx_word' id='word_1_63' title='bbox 1142 630 1250 674; x_wconf 90' lang='lat' dir='ltr'>sunt,</span> <span class='ocrx_word' id='word_1_64' title='bbox 1272 630 1430 678; x_wconf 90' lang='lat' dir='ltr'>quibus</span> <span class='ocrx_word' id='word_1_65' title='bbox 1446 630 1681 668; x_wconf 89' lang='lat' dir='ltr'>Stellarum</span> <span class='ocrx_word' id='word_1_66' title='bbox 1697 630 2027 669; x_wconf 91' lang='lat' dir='ltr'>Declinationes</span> 
     </span>
     <span class='ocr_line' id='line_1_9' title="bbox 385 683 2027 732; baseline -0.001 -10"><span class='ocrx_word' id='word_1_67' title='bbox 385 691 600 732; x_wconf 91' lang='lat' dir='ltr'>quatenus</span> <span class='ocrx_word' id='word_1_68' title='bbox 621 686 856 732; x_wconf 89' lang='lat' dir='ltr'>quotannis</span> <span class='ocrx_word' id='word_1_69' title='bbox 877 689 1102 721; x_wconf 92' lang='lat' dir='ltr'>mutantur</span> <span class='ocrx_word' id='word_1_70' title='bbox 1117 684 1172 722; x_wconf 93' lang='lat' dir='ltr'>ad</span> <span class='ocrx_word' id='word_1_71' title='bbox 1189 684 1385 722; x_wconf 86' lang='lat' dir='ltr'>amussim</span> <span class='ocrx_word' id='word_1_72' title='bbox 1401 683 1701 731; x_wconf 82' lang='lat' dir='ltr'>persentiscere</span> <span class='ocrx_word' id='word_1_73' title='bbox 1722 683 1832 728; x_wconf 90' lang='lat' dir='ltr'>licet,</span> <span class='ocrx_word' id='word_1_74' title='bbox 1855 683 1968 722; x_wconf 89' lang='lat' dir='ltr'>adeo</span> <span class='ocrx_word' id='word_1_75' title='bbox 1983 689 2027 722; x_wconf 89' lang='lat' dir='ltr'>vt</span> 
     </span>
     <span class='ocr_line' id='line_1_10' title="bbox 383 736 2026 785; baseline 0.001 -10"><span class='ocrx_word' id='word_1_76' title='bbox 383 738 472 785; x_wconf 88' lang='lat' dir='ltr'>ipsa</span> <span class='ocrx_word' id='word_1_77' title='bbox 487 738 652 776; x_wconf 88' lang='lat' dir='ltr'>Polaris</span> <span class='ocrx_word' id='word_1_78' title='bbox 669 737 800 776; x_wconf 89' lang='lat' dir='ltr'>Stella</span> <span class='ocrx_word' id='word_1_79' title='bbox 816 739 1048 775; x_wconf 89' lang='lat' dir='ltr'>annuatim</span> <span class='ocrx_word' id='word_1_80' title='bbox 1064 737 1420 775; x_wconf 88' lang='lat' dir='ltr'>Declinationem</span> <span class='ocrx_word' id='word_1_81' title='bbox 1441 736 1561 784; x_wconf 87' lang='lat' dir='ltr'>quafi</span> <span class='ocrx_word' id='word_1_82' title='bbox 1580 739 1706 775; x_wconf 89' lang='lat' dir='ltr'>tertia</span> <span class='ocrx_word' id='word_1_83' title='bbox 1725 739 1884 775; x_wconf 88' lang='lat' dir='ltr'>minuti</span> <span class='ocrx_word' id='word_1_84' title='bbox 1904 742 2026 785; x_wconf 86' lang='lat' dir='ltr'>parte</span> 
     </span>
     <span class='ocr_line' id='line_1_11' title="bbox 383 790 1732 839; baseline -0.001 -10"><span class='ocrx_word' id='word_1_85' title='bbox 383 791 611 839; x_wconf 86' lang='lat' dir='ltr'>adaugere,</span> <span class='ocrx_word' id='word_1_86' title='bbox 628 790 889 838; x_wconf 90' lang='lat' dir='ltr'>propiusque</span> <span class='ocrx_word' id='word_1_87' title='bbox 907 790 1012 828; x_wconf 88' lang='lat' dir='ltr'>Polo</span> <span class='ocrx_word' id='word_1_88' title='bbox 1029 790 1234 828; x_wconf 89' lang='lat' dir='ltr'>accedere</span> <span class='ocrx_word' id='word_1_89' title='bbox 1251 790 1335 828; x_wconf 91' lang='lat' dir='ltr'>illis</span> <span class='ocrx_word' id='word_1_90' title='bbox 1351 790 1732 838; x_wconf 85' lang='lat' dir='ltr'>depraehendatur.</span> 
     </span>
    </p>
   </div>
   <div class='ocr_carea' id='block_1_5' title="bbox 379 878 2027 1784">
    <p class='ocr_par' dir='ltr' id='par_1_5' title="bbox 476 878 2026 926">
     <span class='ocr_line' id='line_1_12' title="bbox 476 878 2026 926; baseline 0 -9"><span class='ocrx_word' id='word_1_91' title='bbox 476 879 978 923; x_wconf 84' lang='lat' dir='ltr'>ERUMENIMUERO,</span> <span class='ocrx_word' id='word_1_92' title='bbox 996 881 1209 926; x_wconf 92' lang='lat' dir='ltr'>quoniam</span> <span class='ocrx_word' id='word_1_93' title='bbox 1225 878 1370 917; x_wconf 87' lang='lat' dir='ltr'>Stellae</span> <span class='ocrx_word' id='word_1_94' title='bbox 1386 879 1519 917; x_wconf 91' lang='lat' dir='ltr'>huius</span> <span class='ocrx_word' id='word_1_95' title='bbox 1535 879 1827 917; x_wconf 87' lang='lat' dir='ltr'>Altitudinem</span> <span class='ocrx_word' id='word_1_96' title='bbox 1842 890 1934 917; x_wconf 90' lang='lat' dir='ltr'>non</span> <span class='ocrx_word' id='word_1_97' title='bbox 1949 878 2026 917; x_wconf 77' lang='lat' dir='ltr'>sal·</span> 
     </span>
    </p>

    <p class='ocr_par' dir='ltr' id='par_1_6' title="bbox 380 931 2027 1406">
     <span class='ocr_line' id='line_1_13' title="bbox 475 931 2026 976; baseline 0 -6"><span class='ocrx_word' id='word_1_98' title='bbox 475 938 560 971; x_wconf 90' lang='lat' dir='ltr'>tem</span> <span class='ocrx_word' id='word_1_99' title='bbox 576 934 819 976; x_wconf 90' lang='lat' dir='ltr'>minimam,</span> <span class='ocrx_word' id='word_1_100' title='bbox 836 932 905 970; x_wconf 89' lang='lat' dir='ltr'>sed</span> <span class='ocrx_word' id='word_1_101' title='bbox 922 932 960 970; x_wconf 87' lang='lat'>&amp;</span> <span class='ocrx_word' id='word_1_102' title='bbox 976 934 1219 970; x_wconf 82' lang='lat' dir='ltr'>maximam</span> <span class='ocrx_word' id='word_1_103' title='bbox 1236 934 1348 970; x_wconf 90' lang='lat' dir='ltr'>circa</span> <span class='ocrx_word' id='word_1_104' title='bbox 1363 935 1582 976; x_wconf 91' lang='lat' dir='ltr'>verticem,</span> <span class='ocrx_word' id='word_1_105' title='bbox 1599 934 1645 970; x_wconf 91' lang='lat' dir='ltr'>in</span> <span class='ocrx_word' id='word_1_106' title='bbox 1661 931 1889 970; x_wconf 89' lang='lat' dir='ltr'>confilium</span> <span class='ocrx_word' id='word_1_107' title='bbox 1904 931 2026 971; x_wconf 85' lang='lat' dir='ltr'>adhi-</span> 
     </span>
     <span class='ocr_line' id='line_1_14' title="bbox 381 985 2026 1033; baseline 0 -9"><span class='ocrx_word' id='word_1_108' title='bbox 381 987 493 1029; x_wconf 90' lang='lat' dir='ltr'>bere,</span> <span class='ocrx_word' id='word_1_109' title='bbox 520 988 732 1033; x_wconf 89' lang='lat' dir='ltr'>imprimis</span> <span class='ocrx_word' id='word_1_110' title='bbox 758 985 858 1023; x_wconf 87' lang='lat' dir='ltr'>vtile</span> <span class='ocrx_word' id='word_1_111' title='bbox 885 985 951 1029; x_wconf 86' lang='lat' dir='ltr'>est,</span> <span class='ocrx_word' id='word_1_112' title='bbox 982 985 1160 1033; x_wconf 80' lang='lat' dir='ltr'>Nosque</span> <span class='ocrx_word' id='word_1_113' title='bbox 1187 985 1475 1024; x_wconf 89' lang='lat' dir='ltr'>Instrumenta</span> <span class='ocrx_word' id='word_1_114' title='bbox 1498 991 1590 1024; x_wconf 87' lang='lat' dir='ltr'>tam</span> <span class='ocrx_word' id='word_1_115' title='bbox 1615 985 1700 1024; x_wconf 89' lang='lat' dir='ltr'>alte</span> <span class='ocrx_word' id='word_1_116' title='bbox 1725 985 1880 1024; x_wconf 89' lang='lat' dir='ltr'>Stellas</span> <span class='ocrx_word' id='word_1_117' title='bbox 1904 997 2026 1024; x_wconf 91' lang='lat' dir='ltr'>men-</span> 
     </span>
     <span class='ocr_line' id='line_1_15' title="bbox 381 1038 2027 1087; baseline 0.001 -11"><span class='ocrx_word' id='word_1_118' title='bbox 381 1039 582 1083; x_wconf 88' lang='lat' dir='ltr'>surantia,</span> <span class='ocrx_word' id='word_1_119' title='bbox 607 1050 707 1086; x_wconf 89' lang='lat' dir='ltr'>quae</span> <span class='ocrx_word' id='word_1_120' title='bbox 730 1039 848 1076; x_wconf 90' lang='lat' dir='ltr'>iustae</span> <span class='ocrx_word' id='word_1_121' title='bbox 872 1039 997 1076; x_wconf 90' lang='lat' dir='ltr'>essent</span> <span class='ocrx_word' id='word_1_122' title='bbox 1016 1039 1336 1087; x_wconf 88' lang='lat' dir='ltr'>Magnitudinis</span> <span class='ocrx_word' id='word_1_123' title='bbox 1358 1044 1452 1077; x_wconf 88' lang='lat' dir='ltr'>tum</span> <span class='ocrx_word' id='word_1_124' title='bbox 1472 1041 1518 1077; x_wconf 91' lang='lat' dir='ltr'>in</span> <span class='ocrx_word' id='word_1_125' title='bbox 1536 1039 1612 1077; x_wconf 90' lang='lat' dir='ltr'>vsu</span> <span class='ocrx_word' id='word_1_126' title='bbox 1630 1050 1722 1077; x_wconf 89' lang='lat' dir='ltr'>non</span> <span class='ocrx_word' id='word_1_127' title='bbox 1739 1038 2027 1078; x_wconf 89' lang='lat' dir='ltr'>habuerimus</span> 
     </span>
     <span class='ocr_line' id='line_1_16' title="bbox 382 1092 2026 1140; baseline 0.001 -10"><span class='ocrx_word' id='word_1_128' title='bbox 382 1093 440 1139; x_wconf 91' lang='lat' dir='ltr'>(vt</span> <span class='ocrx_word' id='word_1_129' title='bbox 455 1098 584 1130; x_wconf 89' lang='lat' dir='ltr'>antea</span> <span class='ocrx_word' id='word_1_130' title='bbox 598 1104 774 1139; x_wconf 91' lang='lat' dir='ltr'>quoque</span> <span class='ocrx_word' id='word_1_131' title='bbox 791 1092 897 1138; x_wconf 84' lang='lat' dir='ltr'>dixi)</span> <span class='ocrx_word' id='word_1_132' title='bbox 914 1092 1216 1131; x_wconf 91' lang='lat' dir='ltr'>mutuabimur</span> <span class='ocrx_word' id='word_1_133' title='bbox 1227 1092 1438 1140; x_wconf 90' lang='lat' dir='ltr'>quasdam</span> <span class='ocrx_word' id='word_1_134' title='bbox 1451 1092 1802 1137; x_wconf 87' lang='lat' dir='ltr'>Obseruationes,</span> <span class='ocrx_word' id='word_1_135' title='bbox 1818 1103 1896 1140; x_wconf 90' lang='lat' dir='ltr'>per</span> <span class='ocrx_word' id='word_1_136' title='bbox 1907 1092 2026 1139; x_wconf 87' lang='lat' dir='ltr'>Qua-</span> 
     </span>
     <span class='ocr_line' id='line_1_17' title="bbox 381 1145 2025 1193; baseline 0.001 -10"><span class='ocrx_word' id='word_1_137' title='bbox 381 1146 579 1184; x_wconf 92' lang='lat' dir='ltr'>drantem</span> <span class='ocrx_word' id='word_1_138' title='bbox 604 1147 849 1183; x_wconf 88' lang='lat' dir='ltr'>maximum</span> <span class='ocrx_word' id='word_1_139' title='bbox 872 1157 1007 1193; x_wconf 90' lang='lat' dir='ltr'>prope</span> <span class='ocrx_word' id='word_1_140' title='bbox 1031 1145 1270 1193; x_wconf 84' lang='lat' dir='ltr'>Augustam</span> <span class='ocrx_word' id='word_1_141' title='bbox 1290 1146 1634 1189; x_wconf 89' lang='lat' dir='ltr'>Vindelicorum,</span> <span class='ocrx_word' id='word_1_142' title='bbox 1659 1145 1766 1184; x_wconf 89' lang='lat' dir='ltr'>olim</span> <span class='ocrx_word' id='word_1_143' title='bbox 1788 1146 1844 1184; x_wconf 88' lang='lat' dir='ltr'>ad</span> <span class='ocrx_word' id='word_1_144' title='bbox 1867 1145 2025 1184; x_wconf 86' lang='lat' dir='ltr'>defide-</span> 
     </span>
     <span class='ocr_line' id='line_1_18' title="bbox 381 1197 2025 1247; baseline 0.001 -11"><span class='ocrx_word' id='word_1_145' title='bbox 381 1202 494 1237; x_wconf 91' lang='lat' dir='ltr'>rium</span> <span class='ocrx_word' id='word_1_146' title='bbox 515 1197 739 1246; x_wconf 65' lang='lat' dir='ltr'>Spectatiss.</span> <span class='ocrx_word' id='word_1_147' title='bbox 762 1198 964 1237; x_wconf 90' lang='lat' dir='ltr'>Consulis</span> <span class='ocrx_word' id='word_1_148' title='bbox 985 1199 1153 1237; x_wconf 87' lang='lat' dir='ltr'>PAVLI</span> <span class='ocrx_word' id='word_1_149' title='bbox 1174 1199 1485 1237; x_wconf 89' lang='lat' dir='ltr'>HAINZELII</span> <span class='ocrx_word' id='word_1_150' title='bbox 1508 1197 1764 1243; x_wconf 64' lang='lat' dir='ltr'>extructum,</span> <span class='ocrx_word' id='word_1_151' title='bbox 1788 1210 1899 1247; x_wconf 90' lang='lat' dir='ltr'>quas</span> <span class='ocrx_word' id='word_1_152' title='bbox 1921 1199 2025 1247; x_wconf 90' lang='lat' dir='ltr'>ipse-</span> 
     </span>
     <span class='ocr_line' id='line_1_19' title="bbox 380 1252 2026 1301; baseline 0.001 -11"><span class='ocrx_word' id='word_1_153' title='bbox 380 1258 466 1290; x_wconf 89' lang='lat' dir='ltr'>met</span> <span class='ocrx_word' id='word_1_154' title='bbox 487 1252 634 1290; x_wconf 90' lang='lat' dir='ltr'>sedulo</span> <span class='ocrx_word' id='word_1_155' title='bbox 655 1252 891 1296; x_wconf 89' lang='lat' dir='ltr'>denotauit,</span> <span class='ocrx_word' id='word_1_156' title='bbox 913 1252 1110 1300; x_wconf 89' lang='lat' dir='ltr'>mihique</span> <span class='ocrx_word' id='word_1_157' title='bbox 1131 1252 1277 1300; x_wconf 89' lang='lat' dir='ltr'>postea</span> <span class='ocrx_word' id='word_1_158' title='bbox 1296 1252 1383 1290; x_wconf 91' lang='lat' dir='ltr'>huc</span> <span class='ocrx_word' id='word_1_159' title='bbox 1403 1255 1450 1291; x_wconf 91' lang='lat' dir='ltr'>in</span> <span class='ocrx_word' id='word_1_160' title='bbox 1468 1253 1676 1297; x_wconf 90' lang='lat' dir='ltr'>Daniam,</span> <span class='ocrx_word' id='word_1_161' title='bbox 1697 1264 1787 1291; x_wconf 91' lang='lat' dir='ltr'>vna</span> <span class='ocrx_word' id='word_1_162' title='bbox 1806 1264 1908 1291; x_wconf 90' lang='lat' dir='ltr'>cum</span> <span class='ocrx_word' id='word_1_163' title='bbox 1927 1252 2026 1301; x_wconf 88' lang='lat' dir='ltr'>alijs</span> 
     </span>
     <span class='ocr_line' id='line_1_20' title="bbox 381 1305 2025 1352; baseline 0.001 -9"><span class='ocrx_word' id='word_1_164' title='bbox 381 1306 535 1343; x_wconf 91' lang='lat' dir='ltr'>eodem</span> <span class='ocrx_word' id='word_1_165' title='bbox 561 1305 816 1352; x_wconf 86' lang='lat' dir='ltr'>Quadrante</span> <span class='ocrx_word' id='word_1_166' title='bbox 842 1306 1009 1344; x_wconf 87' lang='lat' dir='ltr'>caelitus</span> <span class='ocrx_word' id='word_1_167' title='bbox 1034 1305 1155 1344; x_wconf 67' lang='lat' dir='ltr'>factis</span> <span class='ocrx_word' id='word_1_168' title='bbox 1178 1306 1523 1344; x_wconf 87' lang='lat' dir='ltr'>Aduerfionibus</span> <span class='ocrx_word' id='word_1_169' title='bbox 1547 1305 1785 1344; x_wconf 87' lang='lat' dir='ltr'>transmifit.</span> <span class='ocrx_word' id='word_1_170' title='bbox 1812 1305 1881 1344; x_wconf 93' lang='lat' dir='ltr'>Sic</span> <span class='ocrx_word' id='word_1_171' title='bbox 1906 1308 2025 1344; x_wconf 89' lang='lat' dir='ltr'>enim</span> 
     </span>
     <span class='ocr_line' id='line_1_21' title="bbox 381 1358 1370 1406; baseline 0.001 -10"><span class='ocrx_word' id='word_1_172' title='bbox 381 1370 480 1396; x_wconf 92' lang='lat' dir='ltr'>cum</span> <span class='ocrx_word' id='word_1_173' title='bbox 496 1358 849 1406; x_wconf 89' lang='lat' dir='ltr'>difiungeremur,</span> <span class='ocrx_word' id='word_1_174' title='bbox 866 1361 978 1397; x_wconf 87' lang='lat' dir='ltr'>inter</span> <span class='ocrx_word' id='word_1_175' title='bbox 993 1371 1074 1397; x_wconf 91' lang='lat' dir='ltr'>nos</span> <span class='ocrx_word' id='word_1_176' title='bbox 1091 1365 1370 1398; x_wconf 90' lang='lat' dir='ltr'>conuenerat.</span> 
     </span>
    </p>

    <p class='ocr_par' dir='ltr' id='par_1_7' title="bbox 379 1412 2025 1784">
     <span class='ocr_line' id='line_1_22' title="bbox 433 1412 2025 1461; baseline 0.001 -12"><span class='ocrx_word' id='word_1_177' title='bbox 433 1412 589 1459; x_wconf 87' lang='lat' dir='ltr'>Neque</span> <span class='ocrx_word' id='word_1_178' title='bbox 607 1412 673 1455; x_wconf 83' lang='lat' dir='ltr'>est.</span> <span class='ocrx_word' id='word_1_179' title='bbox 695 1413 813 1459; x_wconf 91' lang='lat' dir='ltr'>quod</span> <span class='ocrx_word' id='word_1_180' title='bbox 829 1412 988 1460; x_wconf 92' lang='lat' dir='ltr'>aliquis</span> <span class='ocrx_word' id='word_1_181' title='bbox 1004 1412 1233 1451; x_wconf 80' lang='lat' dir='ltr'>sinisterius</span> <span class='ocrx_word' id='word_1_182' title='bbox 1249 1415 1564 1461; x_wconf 84' lang='lat' dir='ltr'>interpretetur,</span> <span class='ocrx_word' id='word_1_183' title='bbox 1586 1424 1668 1451; x_wconf 93' lang='lat' dir='ltr'>nos</span> <span class='ocrx_word' id='word_1_184' title='bbox 1685 1412 2025 1452; x_wconf 89' lang='lat' dir='ltr'>Obseruationes</span> 
     </span>
     <span class='ocr_line' id='line_1_23' title="bbox 380 1465 2025 1515; baseline 0.001 -12"><span class='ocrx_word' id='word_1_185' title='bbox 380 1466 556 1503; x_wconf 91' lang='lat' dir='ltr'>aliunde</span> <span class='ocrx_word' id='word_1_186' title='bbox 569 1465 841 1513; x_wconf 83' lang='lat' dir='ltr'>conquisitas,</span> <span class='ocrx_word' id='word_1_187' title='bbox 859 1468 1045 1514; x_wconf 91' lang='lat' dir='ltr'>proprijs</span> <span class='ocrx_word' id='word_1_188' title='bbox 1057 1466 1311 1515; x_wconf 91' lang='lat' dir='ltr'>adiungere;</span> <span class='ocrx_word' id='word_1_189' title='bbox 1329 1467 1498 1514; x_wconf 89' lang='lat' dir='ltr'>Reputo</span> <span class='ocrx_word' id='word_1_190' title='bbox 1509 1466 1721 1514; x_wconf 76' lang='lat' dir='ltr'>siquidem</span> <span class='ocrx_word' id='word_1_191' title='bbox 1732 1477 1819 1511; x_wconf 88' lang='lat' dir='ltr'>eas,</span> <span class='ocrx_word' id='word_1_192' title='bbox 1836 1477 1937 1514; x_wconf 84' lang='lat' dir='ltr'>quae</span> <span class='ocrx_word' id='word_1_193' title='bbox 1948 1478 2025 1514; x_wconf 90' lang='lat' dir='ltr'>per</span> 
     </span>
     <span class='ocr_line' id='line_1_24' title="bbox 381 1518 2024 1568; baseline 0.001 -12"><span class='ocrx_word' id='word_1_194' title='bbox 381 1518 682 1565; x_wconf 89' lang='lat' dir='ltr'>Quadrantem</span> <span class='ocrx_word' id='word_1_195' title='bbox 694 1519 818 1557; x_wconf 91' lang='lat' dir='ltr'>illum</span> <span class='ocrx_word' id='word_1_196' title='bbox 830 1519 1004 1563; x_wconf 87' lang='lat' dir='ltr'>fiebant,</span> <span class='ocrx_word' id='word_1_197' title='bbox 1017 1531 1067 1558; x_wconf 93' lang='lat' dir='ltr'>ac</span> <span class='ocrx_word' id='word_1_198' title='bbox 1079 1519 1108 1557; x_wconf 86' lang='lat' dir='ltr'>fi</span> <span class='ocrx_word' id='word_1_199' title='bbox 1120 1520 1274 1558; x_wconf 80' lang='lat' dir='ltr'>nostrae</span> <span class='ocrx_word' id='word_1_200' title='bbox 1287 1521 1424 1564; x_wconf 85' lang='lat' dir='ltr'>essent‚</span> <span class='ocrx_word' id='word_1_201' title='bbox 1437 1531 1538 1558; x_wconf 92' lang='lat' dir='ltr'>cum</span> <span class='ocrx_word' id='word_1_202' title='bbox 1550 1522 1595 1558; x_wconf 89' lang='lat' dir='ltr'>in</span> <span class='ocrx_word' id='word_1_203' title='bbox 1606 1531 1753 1558; x_wconf 88' lang='lat' dir='ltr'>meam</span> <span class='ocrx_word' id='word_1_204' title='bbox 1764 1520 2024 1568; x_wconf 88' lang='lat' dir='ltr'>potissimum</span> 
     </span>
     <span class='ocr_line' id='line_1_25' title="bbox 379 1572 2024 1621; baseline 0.001 -12"><span class='ocrx_word' id='word_1_205' title='bbox 379 1574 561 1620; x_wconf 89' lang='lat' dir='ltr'>gratiam</span> <span class='ocrx_word' id='word_1_206' title='bbox 572 1572 609 1609; x_wconf 88' lang='lat'>&amp;</span> <span class='ocrx_word' id='word_1_207' title='bbox 618 1584 688 1610; x_wconf 92' lang='lat' dir='ltr'>me</span> <span class='ocrx_word' id='word_1_208' title='bbox 699 1572 880 1617; x_wconf 89' lang='lat' dir='ltr'>suasore,</span> <span class='ocrx_word' id='word_1_209' title='bbox 895 1573 1156 1611; x_wconf 89' lang='lat' dir='ltr'>Machinam</span> <span class='ocrx_word' id='word_1_210' title='bbox 1165 1573 1287 1612; x_wconf 94' lang='lat' dir='ltr'>illam</span> <span class='ocrx_word' id='word_1_211' title='bbox 1298 1573 1463 1612; x_wconf 91' lang='lat' dir='ltr'>Consul</span> <span class='ocrx_word' id='word_1_212' title='bbox 1472 1576 1618 1621; x_wconf 89' lang='lat' dir='ltr'>parari</span> <span class='ocrx_word' id='word_1_213' title='bbox 1628 1574 1799 1617; x_wconf 68' lang='lat' dir='ltr'>curant,</span> <span class='ocrx_word' id='word_1_214' title='bbox 1811 1585 1882 1611; x_wconf 89' lang='lat' dir='ltr'>me</span> <span class='ocrx_word' id='word_1_215' title='bbox 1892 1575 2024 1612; x_wconf 89' lang='lat' dir='ltr'>etiam</span> 
     </span>
     <span class='ocr_line' id='line_1_26' title="bbox 380 1625 2023 1675; baseline 0.002 -13"><span class='ocrx_word' id='word_1_216' title='bbox 380 1627 529 1663; x_wconf 90' lang='lat' dir='ltr'>omnia</span> <span class='ocrx_word' id='word_1_217' title='bbox 545 1625 795 1664; x_wconf 85' lang='lat' dir='ltr'>Artificibus</span> <span class='ocrx_word' id='word_1_218' title='bbox 811 1626 1111 1673; x_wconf 71' lang='lat' dir='ltr'>praescribente</span> <span class='ocrx_word' id='word_1_219' title='bbox 1128 1627 1460 1674; x_wconf 88' lang='lat' dir='ltr'>ordinanteque,</span> <span class='ocrx_word' id='word_1_220' title='bbox 1482 1626 1520 1665; x_wconf 72' lang='lat'>81</span> <span class='ocrx_word' id='word_1_221' title='bbox 1541 1626 1775 1665; x_wconf 88' lang='lat' dir='ltr'>diuifiones</span> <span class='ocrx_word' id='word_1_222' title='bbox 1794 1626 1906 1675; x_wconf 91' lang='lat' dir='ltr'>ipsas</span> <span class='ocrx_word' id='word_1_223' title='bbox 1926 1638 2023 1675; x_wconf 90' lang='lat' dir='ltr'>pro-</span> 
     </span>
     <span class='ocr_line' id='line_1_27' title="bbox 379 1679 2024 1726; baseline 0.001 -10"><span class='ocrx_word' id='word_1_224' title='bbox 379 1681 473 1726; x_wconf 89' lang='lat' dir='ltr'>pria</span> <span class='ocrx_word' id='word_1_225' title='bbox 492 1690 629 1717; x_wconf 92' lang='lat' dir='ltr'>manu</span> <span class='ocrx_word' id='word_1_226' title='bbox 651 1679 937 1723; x_wconf 88' lang='lat' dir='ltr'>distribuente,</span> <span class='ocrx_word' id='word_1_227' title='bbox 958 1686 1001 1717; x_wconf 89' lang='lat' dir='ltr'>vt</span> <span class='ocrx_word' id='word_1_228' title='bbox 1022 1680 1077 1718; x_wconf 94' lang='lat' dir='ltr'>ob</span> <span class='ocrx_word' id='word_1_229' title='bbox 1098 1681 1140 1718; x_wconf 90' lang='lat' dir='ltr'>id</span> <span class='ocrx_word' id='word_1_230' title='bbox 1161 1692 1316 1718; x_wconf 91' lang='lat' dir='ltr'>omnes</span> <span class='ocrx_word' id='word_1_231' title='bbox 1335 1680 1675 1719; x_wconf 90' lang='lat' dir='ltr'>Obseruationes</span> <span class='ocrx_word' id='word_1_232' title='bbox 1696 1682 1790 1719; x_wconf 92' lang='lat' dir='ltr'>eius</span> <span class='ocrx_word' id='word_1_233' title='bbox 1809 1679 2024 1719; x_wconf 89' lang='lat' dir='ltr'>beneficio</span> 
     </span>
     <span class='ocr_line' id='line_1_28' title="bbox 380 1730 1713 1784; baseline 0.002 -15"><span class='ocrx_word' id='word_1_234' title='bbox 380 1732 544 1770; x_wconf 83' lang='lat' dir='ltr'>caelitus</span> <span class='ocrx_word' id='word_1_235' title='bbox 560 1732 831 1780; x_wconf 85' lang='lat' dir='ltr'>conquifitas,</span> <span class='ocrx_word' id='word_1_236' title='bbox 849 1735 894 1771; x_wconf 90' lang='lat' dir='ltr'>in</span> <span class='ocrx_word' id='word_1_237' title='bbox 911 1745 1033 1771; x_wconf 91' lang='lat' dir='ltr'>meos</span> <span class='ocrx_word' id='word_1_238' title='bbox 1049 1733 1146 1772; x_wconf 89' lang='lat' dir='ltr'>vsus</span> <span class='ocrx_word' id='word_1_239' title='bbox 1163 1734 1286 1782; x_wconf 89' lang='lat' dir='ltr'>dirigi</span> <span class='ocrx_word' id='word_1_240' title='bbox 1303 1746 1394 1772; x_wconf 92' lang='lat' dir='ltr'>non</span> <span class='ocrx_word' id='word_1_241' title='bbox 1410 1733 1456 1772; x_wconf 90' lang='lat' dir='ltr'>fit</span> <span class='ocrx_word' id='word_1_242' title='bbox 1472 1734 1680 1772; x_wconf 88' lang='lat' dir='ltr'>alienum.</span> <span class='ocrx_word' id='word_1_243' title='bbox 1698 1730 1713 1784; x_wconf 92' lang='grc' dir='ltr'>ΙΙ</span> 
     </span>
    </p>
   </div>
   <div class='ocr_carea' id='block_1_6' title="bbox 2064 536 2080 562">
    <p class='ocr_par' dir='ltr' id='par_1_8' title="bbox 2064 536 2080 562">
     <span class='ocr_line' id='line_1_29' title="bbox 2064 536 2080 562; baseline 0 0"><span class='ocrx_word' id='word_1_244' title='bbox 2064 536 2080 562; x_wconf 87' lang='grc'><strong>5</strong></span> 
     </span>
    </p>
   </div>
   <div class='ocr_carea' id='block_1_7' title="bbox 2067 802 2098 828">
    <p class='ocr_par' dir='ltr' id='par_1_9' title="bbox 2067 802 2098 828">
     <span class='ocr_line' id='line_1_30' title="bbox 2067 802 2098 828; baseline 0 0"><span class='ocrx_word' id='word_1_245' title='bbox 2067 802 2098 828; x_wconf 88' lang='grc'>10</span> 
     </span>
    </p>
   </div>
   <div class='ocr_carea' id='block_1_8' title="bbox 2067 1105 2097 1130">
    <p class='ocr_par' dir='ltr' id='par_1_10' title="bbox 2067 1105 2097 1130">
     <span class='ocr_line' id='line_1_31' title="bbox 2067 1105 2097 1130; baseline 0 0"><span class='ocrx_word' id='word_1_246' title='bbox 2067 1105 2097 1130; x_wconf 87' lang='grc'>15</span> 
     </span>
    </p>
   </div>
   <div class='ocr_carea' id='block_1_9' title="bbox 2062 1370 2096 1397">
    <p class='ocr_par' dir='ltr' id='par_1_11' title="bbox 2062 1370 2096 1397">
     <span class='ocr_line' id='line_1_32' title="bbox 2062 1370 2096 1397; baseline 0 0"><span class='ocrx_word' id='word_1_247' title='bbox 2062 1370 2096 1397; x_wconf 90' lang='grc'>20</span> 
     </span>
    </p>
   </div>
   <div class='ocr_carea' id='block_1_10' title="bbox 2061 1638 2094 1664">
    <p class='ocr_par' dir='ltr' id='par_1_12' title="bbox 2061 1638 2094 1664">
     <span class='ocr_line' id='line_1_33' title="bbox 2061 1638 2094 1664; baseline 0.03 -1"><span class='ocrx_word' id='word_1_248' title='bbox 2061 1638 2094 1664; x_wconf 86' lang='grc'>25</span> 
     </span>
    </p>
   </div>
   <div class='ocr_carea' id='block_1_11' title="bbox 432 1786 2110 1835">
    <p class='ocr_par' dir='ltr' id='par_1_13' title="bbox 432 1786 2110 1835">
     <span class='ocr_line' id='line_1_34' title="bbox 432 1786 2110 1835; baseline 0.001 -12"><span class='ocrx_word' id='word_1_249' title='bbox 432 1786 684 1833; x_wconf 87' lang='lat' dir='ltr'>Antequam</span> <span class='ocrx_word' id='word_1_250' title='bbox 704 1798 809 1824; x_wconf 92' lang='lat' dir='ltr'>vero</span> <span class='ocrx_word' id='word_1_251' title='bbox 830 1786 1095 1825; x_wconf 85' lang='lat' dir='ltr'>Altitudines</span> <span class='ocrx_word' id='word_1_252' title='bbox 1116 1787 1373 1833; x_wconf 90' lang='lat' dir='ltr'>Quadrante</span> <span class='ocrx_word' id='word_1_253' title='bbox 1395 1787 1470 1826; x_wconf 92' lang='lat' dir='ltr'>illo</span> <span class='ocrx_word' id='word_1_254' title='bbox 1491 1786 1810 1835; x_wconf 84' lang='lat' dir='ltr'>depraehensas,</span> <span class='ocrx_word' id='word_1_255' title='bbox 1834 1798 2023 1825; x_wconf 89' lang='lat' dir='ltr'>comme-</span> <span class='ocrx_word' id='word_1_256' title='bbox 2048 1792 2110 1826; x_wconf 89' lang='grc'>353</span> 
     </span>
    </p>
   </div>
   <div class='ocr_carea' id='block_1_12' title="bbox 379 1839 2024 1994">
    <p class='ocr_par' dir='ltr' id='par_1_14' title="bbox 379 1839 2024 1994">
     <span class='ocr_line' id='line_1_35' title="bbox 379 1839 2024 1889; baseline 0.002 -13"><span class='ocrx_word' id='word_1_257' title='bbox 379 1840 566 1881; x_wconf 76' lang='lat' dir='ltr'>moraro,</span> <span class='ocrx_word' id='word_1_258' title='bbox 589 1839 862 1877; x_wconf 90' lang='lat' dir='ltr'>Instrumenti</span> <span class='ocrx_word' id='word_1_259' title='bbox 883 1840 1028 1882; x_wconf 82' lang='lat' dir='ltr'>huius,</span> <span class='ocrx_word' id='word_1_260' title='bbox 1050 1841 1168 1887; x_wconf 92' lang='lat' dir='ltr'>quod</span> <span class='ocrx_word' id='word_1_261' title='bbox 1189 1843 1342 1889; x_wconf 90' lang='lat' dir='ltr'>ingens</span> <span class='ocrx_word' id='word_1_262' title='bbox 1359 1847 1462 1883; x_wconf 85' lang='lat' dir='ltr'>erat,</span> <span class='ocrx_word' id='word_1_263' title='bbox 1485 1839 1754 1879; x_wconf 63' lang='lat' dir='ltr'>Structuram</span> <span class='ocrx_word' id='word_1_264' title='bbox 1775 1846 1906 1888; x_wconf 86' lang='lat' dir='ltr'>atque</span> <span class='ocrx_word' id='word_1_265' title='bbox 1922 1840 2024 1878; x_wconf 92' lang='lat' dir='ltr'>For-</span> 
     </span>
     <span class='ocr_line' id='line_1_36' title="bbox 379 1893 2024 1942; baseline 0.002 -13"><span class='ocrx_word' id='word_1_266' title='bbox 379 1904 497 1929; x_wconf 88' lang='lat' dir='ltr'>mam</span> <span class='ocrx_word' id='word_1_267' title='bbox 522 1893 765 1936; x_wconf 87' lang='lat' dir='ltr'>declarabo,</span> <span class='ocrx_word' id='word_1_268' title='bbox 791 1894 922 1940; x_wconf 91' lang='lat' dir='ltr'>idque</span> <span class='ocrx_word' id='word_1_269' title='bbox 945 1900 988 1931; x_wconf 89' lang='lat' dir='ltr'>vt</span> <span class='ocrx_word' id='word_1_270' title='bbox 1012 1895 1254 1941; x_wconf 84' lang='lat' dir='ltr'>expeditius</span> <span class='ocrx_word' id='word_1_271' title='bbox 1277 1894 1554 1937; x_wconf 81' lang='lat' dir='ltr'>discernatur.</span> <span class='ocrx_word' id='word_1_272' title='bbox 1581 1896 1675 1932; x_wconf 90' lang='lat' dir='ltr'>eius</span> <span class='ocrx_word' id='word_1_273' title='bbox 1698 1894 2024 1942; x_wconf 89' lang='lat' dir='ltr'>Figurationem</span> 
     </span>
     <span class='ocr_line' id='line_1_37' title="bbox 379 1945 2023 1994; baseline 0.002 -12"><span class='ocrx_word' id='word_1_274' title='bbox 379 1945 604 1988; x_wconf 84' lang='lat' dir='ltr'>exhibebo.</span> <span class='ocrx_word' id='word_1_275' title='bbox 622 1947 692 1984; x_wconf 90' lang='lat' dir='ltr'>vbi</span> <span class='ocrx_word' id='word_1_276' title='bbox 709 1948 829 1993; x_wconf 91' lang='lat' dir='ltr'>prius</span> <span class='ocrx_word' id='word_1_277' title='bbox 846 1958 933 1994; x_wconf 89' lang='lat' dir='ltr'>qua</span> <span class='ocrx_word' id='word_1_278' title='bbox 948 1947 1172 1985; x_wconf 81' lang='lat' dir='ltr'>occasione</span> <span class='ocrx_word' id='word_1_279' title='bbox 1185 1948 1450 1986; x_wconf 91' lang='lat' dir='ltr'>adornatum</span> <span class='ocrx_word' id='word_1_280' title='bbox 1462 1948 1519 1990; x_wconf 83' lang='lat' dir='ltr'>fit.</span> <span class='ocrx_word' id='word_1_281' title='bbox 1535 1948 1743 1986; x_wconf 89' lang='lat' dir='ltr'>breuibus</span> <span class='ocrx_word' id='word_1_282' title='bbox 1755 1948 2023 1986; x_wconf 89' lang='lat' dir='ltr'>indicauero.</span> 
     </span>
    </p>
   </div>
   <div class='ocr_carea' id='block_1_13' title="bbox 379 2042 2023 2147">
    <p class='ocr_par' dir='ltr' id='par_1_15' title="bbox 379 2042 2023 2147">
     <span class='ocr_line' id='line_1_38' title="bbox 379 2042 2023 2093; baseline 0.002 -13"><span class='ocrx_word' id='word_1_283' title='bbox 379 2042 456 2080; x_wconf 88' lang='lat' dir='ltr'>DE</span> <span class='ocrx_word' id='word_1_284' title='bbox 482 2043 858 2089; x_wconf 84' lang='lat' dir='ltr'><strong>QUADRANTE</strong></span> <span class='ocrx_word' id='word_1_285' title='bbox 884 2045 1237 2088; x_wconf 82' lang='lat' dir='ltr'>PERMAGNO,</span> <span class='ocrx_word' id='word_1_286' title='bbox 1266 2045 1443 2093; x_wconf 91' lang='lat' dir='ltr'><strong>QUEM</strong></span> <span class='ocrx_word' id='word_1_287' title='bbox 1470 2045 1652 2084; x_wconf 91' lang='lat' dir='ltr'><strong>PROPE</strong></span> <span class='ocrx_word' id='word_1_288' title='bbox 1676 2044 2023 2084; x_wconf 83' lang='lat' dir='ltr'>AUGUSTAM</span> 
     </span>
     <span class='ocr_line' id='line_1_39' title="bbox 625 2106 1775 2147; baseline 0.002 -4"><span class='ocrx_word' id='word_1_289' title='bbox 625 2106 1090 2145; x_wconf 88' lang='lat' dir='ltr'><strong>VINDELICORUM</strong></span> <span class='ocrx_word' id='word_1_290' title='bbox 1113 2108 1264 2146; x_wconf 93' lang='lat' dir='ltr'>OLIM</span> <span class='ocrx_word' id='word_1_291' title='bbox 1287 2107 1775 2147; x_wconf 89' lang='lat' dir='ltr'>CONSTRUXIMUS.</span> 
     </span>
    </p>
   </div>
   <div class='ocr_carea' id='block_1_14' title="bbox 378 2176 2023 2494">
    <p class='ocr_par' dir='ltr' id='par_1_16' title="bbox 455 2176 2022 2280">
     <span class='ocr_line' id='line_1_40' title="bbox 455 2176 2022 2226; baseline 0.003 -13"><span class='ocrx_word' id='word_1_292' title='bbox 455 2176 594 2214; x_wconf 90' lang='lat' dir='ltr'>NNIS</span> <span class='ocrx_word' id='word_1_293' title='bbox 616 2177 669 2214; x_wconf 89' lang='lat' dir='ltr'>ab</span> <span class='ocrx_word' id='word_1_294' title='bbox 691 2177 791 2215; x_wconf 91' lang='lat' dir='ltr'>hinc</span> <span class='ocrx_word' id='word_1_295' title='bbox 814 2180 978 2216; x_wconf 89' lang='lat' dir='ltr'>circiter</span> <span class='ocrx_word' id='word_1_296' title='bbox 997 2178 1048 2216; x_wconf 88' lang='lat'>20</span> <span class='ocrx_word' id='word_1_297' title='bbox 1068 2179 1232 2226; x_wconf 82' lang='lat' dir='ltr'>elapfis,</span> <span class='ocrx_word' id='word_1_298' title='bbox 1255 2180 1434 2226; x_wconf 91' lang='lat' dir='ltr'>quando</span> <span class='ocrx_word' id='word_1_299' title='bbox 1451 2179 1743 2218; x_wconf 82' lang='lat' dir='ltr'>AVGVSTAE</span> <span class='ocrx_word' id='word_1_300' title='bbox 1759 2178 2022 2217; x_wconf 88' lang='lat' dir='ltr'>VINDELI-</span> 
     </span>
     <span class='ocr_line' id='line_1_41' title="bbox 490 2229 2022 2280; baseline 0.003 -14"><span class='ocrx_word' id='word_1_301' title='bbox 490 2229 700 2267; x_wconf 88' lang='lat' dir='ltr'><strong>CORVM</strong></span> <span class='ocrx_word' id='word_1_302' title='bbox 719 2231 977 2278; x_wconf 89' lang='lat' dir='ltr'>aliquandiu</span> <span class='ocrx_word' id='word_1_303' title='bbox 994 2244 1201 2274; x_wconf 83' lang='lat' dir='ltr'>morarer.</span> <span class='ocrx_word' id='word_1_304' title='bbox 1221 2232 1423 2271; x_wconf 89' lang='lat' dir='ltr'>Ciuitatis</span> <span class='ocrx_word' id='word_1_305' title='bbox 1440 2233 1557 2271; x_wconf 86' lang='lat' dir='ltr'>illius</span> <span class='ocrx_word' id='word_1_306' title='bbox 1573 2244 1664 2280; x_wconf 86' lang='lat' dir='ltr'>prae</span> <span class='ocrx_word' id='word_1_307' title='bbox 1681 2234 1848 2271; x_wconf 85' lang='lat' dir='ltr'>caeteris</span> <span class='ocrx_word' id='word_1_308' title='bbox 1864 2231 2022 2280; x_wconf 83' lang='lat' dir='ltr'>superi-</span> 
     </span>
    </p>

    <p class='ocr_par' dir='ltr' id='par_1_17' title="bbox 378 2282 2023 2494">
     <span class='ocr_line' id='line_1_42' title="bbox 379 2282 2022 2334; baseline 0.004 -16"><span class='ocrx_word' id='word_1_309' title='bbox 379 2284 464 2318; x_wconf 88' lang='lat' dir='ltr'>oris</span> <span class='ocrx_word' id='word_1_310' title='bbox 482 2282 736 2321; x_wconf 80' lang='lat' dir='ltr'>Germaniae</span> <span class='ocrx_word' id='word_1_311' title='bbox 749 2284 935 2322; x_wconf 89' lang='lat' dir='ltr'>Vrbibus</span> <span class='ocrx_word' id='word_1_312' title='bbox 953 2285 1191 2332; x_wconf 82' lang='lat' dir='ltr'>splendore.</span> <span class='ocrx_word' id='word_1_313' title='bbox 1209 2287 1336 2324; x_wconf 73' lang='lat' dir='ltr'>Aeris</span> <span class='ocrx_word' id='word_1_314' title='bbox 1353 2286 1613 2329; x_wconf 83' lang='lat' dir='ltr'>salubritate,</span> <span class='ocrx_word' id='word_1_315' title='bbox 1630 2293 1724 2324; x_wconf 93' lang='lat' dir='ltr'>tum</span> <span class='ocrx_word' id='word_1_316' title='bbox 1740 2287 1939 2334; x_wconf 88' lang='lat' dir='ltr'>inprimis</span> <span class='ocrx_word' id='word_1_317' title='bbox 1951 2284 2022 2324; x_wconf 90' lang='lat' dir='ltr'>Ci-</span> 
     </span>
     <span class='ocr_line' id='line_1_43' title="bbox 379 2336 2022 2387; baseline 0.004 -16"><span class='ocrx_word' id='word_1_318' title='bbox 379 2337 513 2376; x_wconf 87' lang='lat' dir='ltr'>uium,</span> <span class='ocrx_word' id='word_1_319' title='bbox 541 2336 774 2382; x_wconf 83' lang='lat' dir='ltr'>praesertim</span> <span class='ocrx_word' id='word_1_320' title='bbox 801 2338 1091 2380; x_wconf 86' lang='lat' dir='ltr'>Patritiorum,</span> <span class='ocrx_word' id='word_1_321' title='bbox 1118 2339 1320 2387; x_wconf 77' lang='lat' dir='ltr'>singulari</span> <span class='ocrx_word' id='word_1_322' title='bbox 1348 2340 1639 2378; x_wconf 88' lang='lat' dir='ltr'>Humanitate</span> <span class='ocrx_word' id='word_1_323' title='bbox 1665 2346 1796 2387; x_wconf 87' lang='lat' dir='ltr'>atque</span> <span class='ocrx_word' id='word_1_324' title='bbox 1822 2339 2022 2377; x_wconf 88' lang='lat' dir='ltr'>Beneuo-</span> 
     </span>
     <span class='ocr_line' id='line_1_44' title="bbox 378 2388 2023 2438; baseline 0.004 -14"><span class='ocrx_word' id='word_1_325' title='bbox 378 2388 522 2430; x_wconf 80' lang='lat' dir='ltr'>lentia,</span> <span class='ocrx_word' id='word_1_326' title='bbox 549 2389 999 2438; x_wconf 84' lang='lat' dir='ltr'>Mechanicorumque</span> <span class='ocrx_word' id='word_1_327' title='bbox 1023 2392 1252 2430; x_wconf 78' lang='lat' dir='ltr'>Artificum</span> <span class='ocrx_word' id='word_1_328' title='bbox 1274 2395 1435 2431; x_wconf 85' lang='lat' dir='ltr'>eximia</span> <span class='ocrx_word' id='word_1_329' title='bbox 1460 2393 1678 2436; x_wconf 87' lang='lat' dir='ltr'>industria.</span> <span class='ocrx_word' id='word_1_330' title='bbox 1702 2391 1898 2435; x_wconf 71' lang='lat' dir='ltr'>allectus:</span> <span class='ocrx_word' id='word_1_331' title='bbox 1922 2403 2023 2430; x_wconf 90' lang='lat' dir='ltr'>cum</span> 
     </span>
     <span class='ocr_line' id='line_1_45' title="bbox 378 2441 2022 2494; baseline 0.005 -17"><span class='ocrx_word' id='word_1_332' title='bbox 378 2441 588 2488; x_wconf 85' lang='lat' dir='ltr'>plerisque</span> <span class='ocrx_word' id='word_1_333' title='bbox 607 2445 698 2479; x_wconf 82' lang='lat' dir='ltr'>eius</span> <span class='ocrx_word' id='word_1_334' title='bbox 714 2444 839 2480; x_wconf 89' lang='lat' dir='ltr'>Vrbis</span> <span class='ocrx_word' id='word_1_335' title='bbox 858 2445 1041 2492; x_wconf 84' lang='lat' dir='ltr'>Patritijs</span> <span class='ocrx_word' id='word_1_336' title='bbox 1057 2446 1182 2487; x_wconf 85' lang='lat' dir='ltr'>Viris,</span> <span class='ocrx_word' id='word_1_337' title='bbox 1202 2446 1398 2484; x_wconf 84' lang='lat' dir='ltr'>Familiae</span> <span class='ocrx_word' id='word_1_338' title='bbox 1416 2447 1633 2488; x_wconf 82' lang='lat' dir='ltr'>vetustate.</span> <span class='ocrx_word' id='word_1_339' title='bbox 1652 2447 1873 2494; x_wconf 79' lang='lat' dir='ltr'>Dignitate</span> <span class='ocrx_word' id='word_1_340' title='bbox 1890 2445 1928 2484; x_wconf 83' lang='lat'>&amp;</span> <span class='ocrx_word' id='word_1_341' title='bbox 1946 2445 2022 2484; x_wconf 82' lang='lat' dir='ltr'>Re-</span> 
     </span>
    </p>
   </div>
   <div class='ocr_carea' id='block_1_15' title="bbox 378 2495 2023 2598">
    <p class='ocr_par' dir='ltr' id='par_1_18' title="bbox 378 2495 2023 2598">
     <span class='ocr_line' id='line_1_46' title="bbox 378 2495 2023 2598; baseline 0.005 -67"><span class='ocrx_word' id='word_1_342' title='bbox 378 2506 474 2532; x_wconf 91' lang='lat' dir='ltr'>rum</span> <span class='ocrx_word' id='word_1_343' title='bbox 497 2495 721 2533; x_wconf 78' lang='lat' dir='ltr'>affluentia</span> <span class='ocrx_word' id='word_1_344' title='bbox 744 2498 1103 2543; x_wconf 71' lang='lat' dir='ltr'>praecellentibus,</span> <span class='ocrx_word' id='word_1_345' title='bbox 1126 2502 1288 2546; x_wconf 89' lang='lat' dir='ltr'>quique</span> <span class='ocrx_word' id='word_1_346' title='bbox 1312 2501 1446 2547; x_wconf 90' lang='lat' dir='ltr'>(quod</span> <span class='ocrx_word' id='word_1_347' title='bbox 1464 2503 1601 2549; x_wconf 90' lang='lat' dir='ltr'>magis</span> <span class='ocrx_word' id='word_1_348' title='bbox 1619 2499 2023 2598; x_wconf 49' lang='lat' dir='ltr'>commendangisun3</span> 
     </span>
     <span class='ocr_line' id='line_1_47' title="bbox 1852 2563 2004 2591; baseline -0.007 0"><span class='ocrx_word' id='word_1_349' title='bbox 1852 2564 1899 2591; x_wconf 90' lang='lat' dir='ltr'>ce</span> <span class='ocrx_word' id='word_1_350' title='bbox 1951 2563 2004 2590; x_wconf 89' lang='lat' dir='ltr'>eo</span> 
     </span>
    </p>
   </div>
   <div class='ocr_carea' id='block_1_16' title="bbox 2061 1905 2095 1932">
    <p class='ocr_par' dir='ltr' id='par_1_19' title="bbox 2061 1905 2095 1932">
     <span class='ocr_line' id='line_1_48' title="bbox 2061 1905 2095 1932; baseline 0 0"><span class='ocrx_word' id='word_1_351' title='bbox 2061 1905 2095 1932; x_wconf 76' lang='lat'>30</span> 
     </span>
    </p>
   </div>
   <div class='ocr_carea' id='block_1_17' title="bbox 2059 2510 2093 2536">
    <p class='ocr_par' dir='ltr' id='par_1_20' title="bbox 2059 2510 2093 2536">
     <span class='ocr_line' id='line_1_49' title="bbox 2059 2510 2093 2536; baseline 0 0"><span class='ocrx_word' id='word_1_352' title='bbox 2059 2510 2093 2536; x_wconf 85' lang='grc'>40</span> 
     </span>
    </p>
   </div>
  </div>
 </body>
</html>
