2164 3246
399 233 1058 274 PROGYMNASMATUM
1080 236 1389 276 SECUNDA
1411 238 1562 277 PARS
1751 240 1809 277 411

162 346 208 383 in
222 354 310 382 vna
325 341 520 390 Sphaera,
542 341 794 389 aequalique
811 353 837 380 a
852 341 997 381 Terris
1014 343 1210 382 distantia
1227 345 1449 388 conuolui‚
1471 357 1562 383 non
1582 347 1729 383 minus
1746 347 1808 383 in-

161 396 266 436 sulse
290 395 579 439 astruxerunt;
604 394 782 443 seligam
805 407 858 433 ex
883 395 1284 441 obseruationibus,
1311 410 1421 445 quas
1446 401 1631 446 proprijs
1655 399 1807 436 Instru-

161 452 329 495 mentis‚
345 449 702 488 antecedentibus
718 451 918 497 proxime
931 450 1074 488 Annis
1090 450 1238 496 habui,
1255 451 1391 495 senas,
1409 452 1566 499 quibus
1584 453 1808 490 euidenter

161 505 445 543 conuincetur
451 502 626 541 Lunam
635 507 804 540 tantam
813 504 1134 551 propemodum
1142 504 1391 543 Parallaxin
1402 504 1584 548 efficere.
1596 512 1807 552 quantam

108 572 124 598 s
161 557 444 605 Coperniana
463 555 544 594 fert
563 558 856 595 ratiocinatio:
879 557 1070 605 Ideoque
1093 557 1130 595 8(
1150 559 1408 596 tantundem
1431 561 1595 596 circiter
1615 570 1641 596 a
1662 559 1806 597 Terris

160 610 323 650 distare.

213 664 382 703 Priores
401 668 487 701 tres
506 668 634 701 erunt
649 674 703 701 ex
718 665 782 712 ijs,
805 675 915 711 quas
931 664 986 702 ad
1003 664 1135 712 Signa
1150 664 1337 712 Tropica
1353 665 1501 708 habui,
1524 666 1702 712 quando
1720 665 1805 703 De-

160 717 335 757 clinatio
347 728 482 765 quam
492 718 729 755 minimum
740 723 949 761 mutatur;
963 729 1016 755 ex
1023 718 1265 756 Altitudine
1278 718 1530 756 Meridiana
1541 724 1643 756 tunc
1656 721 1805 756 omnia

159 771 390 815 deducens,
412 782 465 809 eo
486 771 605 818 quod
625 773 864 819 perexigua
884 771 930 809 fit
951 771 1195 810 differentia
1215 772 1299 810 loci
1315 774 1405 810 veri
1423 771 1460 809 8(
1477 771 1550 809 vifi
1567 772 1804 810 secundum

92 837 123 865 10
158 824 507 873 Longitudinem.
519 823 668 862 Postea
679 830 825 863 ternas
837 824 946 863 alias
958 825 1196 873 adiungam
1208 827 1320 863 circa
1332 825 1382 863 90
1391 825 1575 873 gradum
1586 825 1803 873 Eclipticae

157 878 212 918 ab
228 877 420 923 Oriente,
437 877 510 916 vbi
526 877 773 926 Longitudo
789 889 894 916 vera
911 878 948 916 8(
964 878 1053 917 visa
1069 879 1331 917 coincidunt.

245 1019 614 1068 SEQUUNTUR
635 1020 745 1059 SEX
766 1021 1257 1060 OBSERUATIONES
1278 1020 1711 1058 PARALLAXIUM

365 1082 707 1128 LUNARIUM,
729 1083 996 1130 QUARUM
1017 1083 1158 1122 TRES
1179 1083 1415 1122 PRIORES
1436 1082 1594 1121 SUNT

503 1145 683 1184 CIRCA
704 1145 991 1184 TROPICOS
1012 1146 1074 1184 IN
1098 1144 1455 1183 MERIDIANO.

89 1229 120 1256 1⁵
966 1217 982 1254 I

229 1287 362 1327 NNO
383 1288 491 1332 1583,
512 1288 598 1326 Die
614 1288 656 1326 12
673 1287 825 1327 OCtob.
843 1288 953 1326 Hor.
971 1289 1006 1327 5.
1025 1288 1135 1326 Min.
1154 1288 1194 1326 19
1211 1287 1308 1325 ΡΜ.
1326 1287 1478 1325 habuit
1493 1286 1686 1334 superior
1706 1286 1799 1323 lim-

67 1347 131 1381 460
267 1341 349 1380 bus
365 1342 395 1387 (ζ
418 1341 599 1380 Altitud.
616 1344 663 1380 in
680 1342 837 1380 Merid.
855 1344 1098 1380 maximam
1118 1341 1160 1379 P.
1179 1341 1231 1379 13.
1254 1337 1268 1390 ΙΙ
1290 1340 1352 1378 Μ.
1370 1340 1432 1382 38.
1454 1352 1480 1378 a
1501 1340 1658 1387 quibus
1677 1339 1705 1376 fi
1724 1351 1799 1377 au-

153 1393 316 1433 feratur
330 1394 664 1434 Semidiameter
680 1395 832 1439 Lunae,
851 1407 950 1443 quae
968 1402 1058 1433 erat
1074 1397 1179 1433 min.
1197 1396 1250 1439 15,
1272 1394 1469 1431 Altitudo
1487 1393 1636 1431 Centri
1654 1393 1799 1430 euadit

152 1453 259 1496 part.
275 1447 329 1487 13.
347 1446 373 1496 Ι.
390 1448 454 1493 23,
477 1449 593 1488 vnde
616 1447 817 1487 refractio
840 1449 1048 1487 subtrahit
1071 1450 1174 1486 min.
1192 1448 1228 1492 8,
1252 1454 1295 1485 vt
1317 1447 1363 1485 fit
1383 1458 1487 1485 vera
1502 1446 1699 1484 Altitudo
1721 1446 1798 1483 Re-

83 1513 117 1541 zo
151 1500 372 1541 fractionis
388 1502 704 1550 impedimento
723 1503 860 1541 libera
876 1503 918 1541 P.
936 1502 989 1540 13.
1009 1501 1033 1550 l.
1052 1503 1104 1546 15,
1127 1513 1227 1549 quae
1243 1501 1273 1539 fi
1289 1501 1342 1539 ab
1360 1500 1617 1538 Eleuatione
1634 1499 1797 1546 AEqua-

152 1556 256 1594 toris
266 1554 401 1594 huius
411 1555 496 1594 loci
508 1556 721 1600 dematur,
734 1557 940 1604 relinquit
953 1556 1307 1594 Declinationem
1319 1554 1457 1592 Lunae
1469 1553 1604 1591 visam
1615 1559 1721 1600 part.
1735 1553 1797 1590 20.

153 1606 241 1657 Ι.50
251 1612 600 1658 quamproxime.
615 1610 717 1648 Erat
728 1616 878 1648 autem
888 1609 1132 1657 Longitudo
1143 1609 1282 1647 Lunae
1294 1614 1395 1645 tunc
1408 1609 1453 1645 in
1464 1613 1570 1655 part.
1582 1607 1641 1645 152·
1654 1605 1741 1644 fere
1757 1611 1796 1648 Z.

153 1673 253 1701 cum
268 1662 517 1702 Latitudine
533 1669 640 1711 part.
653 1663 689 1701 2.
708 1662 733 1711 l.
746 1664 797 1701 42
814 1663 1001 1711 Septent.
1021 1663 1150 1710 idque
1167 1664 1288 1700 iuxta
1304 1660 1445 1699 nostra
1462 1663 1658 1701 inuenta:
1676 1660 1796 1697 Ideo-

153 1727 239 1764 que
250 1715 500 1755 Declinatio
513 1719 608 1755 eius
619 1729 723 1755 vera
739 1723 846 1765 part.
859 1717 911 1755 19.
925 1719 1028 1754 min.
1041 1717 1104 1758 57.
1122 1727 1222 1763 quae
1239 1715 1383 1753 ablata
1395 1726 1421 1752 a
1432 1713 1532 1755 visa.
1549 1713 1799 1751 Parallaxin

84 1782 118 1809 2⁵
153 1769 377 1818 quaefltam
397 1770 577 1809 ostendit
592 1776 700 1818 part.
717 1771 754 1808 Ο.
771 1773 876 1808 min.
893 1771 956 1814 54,
979 1781 1112 1817 quam
1130 1769 1338 1807 Canones
1355 1767 1625 1815 Coperniani
1646 1766 1797 1813 sesqui-

152 1822 289 1862 altero
314 1825 481 1863 circiter
504 1823 707 1872 scrupulo
734 1827 952 1862 minorem
980 1823 1187 1871 praebent,
1219 1822 1335 1869 quod
1361 1823 1487 1868 parui
1513 1820 1567 1858 est
1592 1819 1675 1857 hoc
1701 1819 1797 1857 loco

152 1879 376 1916 momenti.
952 1930 988 1968 Π

227 2001 361 2041 NNO
377 2002 485 2047 1587,
507 2002 592 2041 Die
608 2003 632 2041 4
649 2002 842 2051 Augusti,
861 2002 970 2040 Hor.
988 2002 1024 2040 9.
1042 2002 1153 2039 Min.
1170 2001 1207 2045 0,
1224 1999 1313 2048 post
1329 1999 1576 2040 Meridiem.
1598 1997 1795 2036 obserua-

82 2067 117 2094 ³⁰
265 2055 394 2094 batur
412 2056 612 2095 Altitudo
632 2056 865 2104 superioris
886 2056 1027 2094 Limbi
1050 2057 1078 2101 ς(
1102 2055 1144 2092 Ρ.
1166 2055 1218 2092 15.
1242 2052 1267 2101 l.
1289 2053 1351 2091 20.
1374 2052 1594 2090 Inferioris
1614 2057 1719 2098 part.
1743 2052 1794 2088 14.

153 2106 179 2157 Ι.
194 2108 258 2148 46.
281 2108 379 2148 Fuit
400 2111 529 2158 igitur
552 2110 780 2149 Diameter
803 2110 941 2148 Lunae
965 2120 1195 2157 apparens,
1219 2113 1324 2155 part.
1345 2107 1380 2144 Ο.
1405 2104 1429 2153 Ι.
1451 2106 1513 2147 34,
1538 2105 1574 2142 8(
1599 2105 1795 2142 Altitudo

152 2161 302 2202 Centri
322 2165 418 2202 eius
437 2169 545 2212 part.
563 2165 616 2203 15.
635 2162 661 2212 l.
679 2163 714 2202 3.
737 2162 950 2202 Refradtio
971 2162 1179 2201 subtrahit
1199 2163 1303 2198 min.
1321 2160 1357 2202 6,
1374 2166 1417 2197 vt
1433 2159 1477 2196 fit
1495 2158 1691 2196 Altitudo
1708 2157 1795 2195 visa

151 2214 341 2256 corretsta
365 2222 472 2265 part.
489 2217 542 2256 14.
566 2216 591 2266 Ι.
608 2218 671 2256 57.
699 2217 813 2264 Quae
839 2217 893 2255 ab
919 2217 1178 2254 Eleuatione
1203 2214 1456 2261 AEquatoris
1481 2210 1697 2253 subduc‘ta.
1724 2212 1795 2248 dat

152 2267 506 2309 Declinationem
521 2271 658 2310 visam
674 2271 962 2314 obseruatam‚
983 2276 1090 2317 part.
1108 2269 1161 2307 19.
1180 2268 1205 2316 Ι.
1222 2268 1259 2310 8,
1281 2267 1318 2304 8(
1340 2269 1443 2314 quia
1459 2277 1563 2304 vera
1583 2272 1684 2303 tunc
1705 2272 1794 2302 erat

81 2334 115 2361 ³⁵
150 2328 257 2371 part.
273 2323 327 2363 18.
345 2322 371 2373 Ι.
388 2325 425 2370 5,
446 2324 530 2364 hac
545 2325 600 2364 ab
618 2325 693 2363 illa
713 2323 919 2363 subduCta
939 2324 1081 2371 prodit
1097 2322 1337 2361 Parallaxis
1354 2320 1531 2368 quaefita
1548 2326 1652 2367 part.
1671 2321 1696 2356 l.
1716 2318 1740 2365 l.
1759 2319 1793 2360 3,

151 2387 286 2424 quam
301 2377 578 2427 Copernicaei
599 2381 773 2417 numeri
793 2378 942 2416 saltem
959 2379 991 2417 1¹2
1011 2377 1212 2424 scrupulo
1231 2377 1448 2413 minorem
1470 2373 1686 2412 exhibent.
1709 2373 1793 2410 De-

150 2429 327 2470 clinatio
342 2437 491 2470 autem
507 2443 612 2471 vera
628 2432 699 2479 (de
715 2444 804 2480 qua
820 2431 926 2477 dixi)
944 2443 996 2469 ex
1013 2431 1110 2468 loco
1127 2431 1265 2468 Lunae
1282 2431 1326 2466 in
1343 2435 1449 2476 part.
1467 2429 1502 2466 7.
1522 2427 1546 2475 l.
1565 2427 1614 2464 30
1636 2433 1674 2468 z,
1695 2438 1792 2464 cum

151 2482 335 2524 Latitud.
346 2491 454 2533 part.
466 2486 502 2524 5.
517 2484 543 2534 Ι.
556 2486 620 2526 121-
632 2486 786 2524 Borea.
804 2485 943 2532 (iuxta
960 2485 1147 2522 nostram
1164 2481 1476 2522 corredtionem
1491 2484 1534 2519 in
1548 2481 1791 2518 Latitudine

93 2543 114 2575 τ
150 2535 307 2585 Lunae)
322 2550 400 2586 per
414 2538 768 2587 supputationem
785 2541 986 2577 innotuit.
1723 2584 1779 2621 HI

255 2599 305 2625 52·
1786 2615 1792 2620 .
