2243 3225
411 197 461 236 82
786 193 1240 234 ASTRONOMIAE
1262 191 1683 231 INSTAURATAE

410 301 639 340 fractiones
655 303 700 338 in
716 301 897 348 longum
912 300 1139 346 latumque
1156 296 1347 346 respectu
1359 297 1578 345 Eclipticae
1590 297 1794 342 deriuari,
1811 298 1930 345 quod
1945 298 2055 337 alias

409 355 506 393 satis
523 353 734 392 ostensum
751 353 817 391 est.
840 353 891 390 Et
906 352 1090 390 Tabulae
1107 362 1207 399 quae
1224 350 1475 389 Parallaxes
1491 350 1665 389 Solares
1681 352 1727 388 in
1742 350 1925 399 longum
1941 350 1979 389 &
1994 351 2054 390 la-

408 414 501 445 tum
517 406 783 449 distribuunt,
805 405 859 444 ab
876 404 1096 452 aliquibus
1112 404 1281 442 dudum
1296 403 1552 451 supputatae,
1573 403 1677 441 huic
1693 406 1868 452 negotio
1884 416 1976 442 non
1991 406 2054 442 in-

408 460 534 498 utiles
554 459 660 502 sunt,
682 458 759 496 nifi
776 458 893 505 quod
910 470 963 496 ea
978 457 1230 496 adhibenda
1245 456 1291 495 fit
1307 458 1465 501 cautio,
1487 455 1782 495 Refradtiones
1798 456 1946 496 Solem
1961 457 2054 496 alti-

407 524 528 550 orem
545 514 590 549 in
607 511 784 550 Circulo
795 511 1000 549 Verticali
1016 511 1208 555 reddere,
1226 521 1361 558 quam
1377 521 1534 548 reuera
1550 509 1621 554 est;
1638 509 1890 548 Parallaxes
1905 516 2054 549 autem

407 565 701 603 decliuiorem.
724 564 873 611 Quare
890 564 1195 612 Longitudinis
1216 563 1254 601 &
1275 563 1536 602 Latitudinis
1557 562 1814 602 differentiae
1835 563 1959 602 aliter
1979 575 2052 612 ap-

406 618 620 665 plicandae
632 619 827 661 veniunt,
844 617 962 665 quod
974 628 1067 655 rem
1078 616 1215 665 ipsam
1227 616 1577 665 intelligentibus,
1593 618 1716 654 iuxta
1727 616 1887 664 pofitus
1898 616 2055 655 diuerfi

406 671 709 709 alterationem
731 682 822 708 non
838 672 917 708 erit
933 669 1120 708 difficile.
1142 670 1275 708 Nunc
1291 672 1404 708 circa
1421 668 1716 708 Refraetiones
1731 669 1830 708 satis
1846 670 1922 708 diu
1938 681 2053 708 com—

405 727 563 762 morati
587 724 721 771 (quod
745 735 798 761 eo
820 723 1041 762 lubentius
1063 722 1328 767 admisimus,
1352 725 1457 771 quia
1479 722 1551 761 hae
1574 723 1628 761 ab
1650 722 1747 771 alijs
1767 729 1910 768 antea,
1934 724 2053 771 quod

405 777 547 821 sciam,
568 789 659 815 non
675 776 753 814 fint
769 776 995 825 diligenter
1011 776 1256 825 disquifitae)
1276 777 1331 815 ad
1347 776 1645 815 Parallaxium
1662 775 2053 815 considerationem

406 830 625 868 calamum
642 830 891 878 dirigamus.
908 827 923 880 ΙΙ

577 919 656 957 DE
676 918 1128 958 PARALLAXIBUS
1149 917 1309 958 SOLIS
1330 918 1368 957 &
1389 918 1603 957 EARUM
1624 918 1880 958 TABULA.

483 989 833 1028 ARALLAXES
862 989 975 1028 Solis
999 991 1046 1027 in
1071 989 1250 1028 Circulo
1274 989 1530 1028 Altitudinis
1554 990 1656 1028 inde
1682 992 1906 1033 eueniunt,
1931 990 2050 1037 quod

483 1042 814 1081 Semidiameter
828 1043 990 1087 Terrae,
1010 1054 1102 1081 non
1122 1042 1283 1081 habeat
1303 1042 1476 1091 prorsus
1495 1042 1783 1081 insenfibilem
1803 1043 1859 1082 ad
1879 1045 1974 1081 eius
1989 1043 2049 1082 di-

403 1096 612 1140 stantiam,
637 1099 979 1144 proportionem.
1010 1096 1090 1134 Per
1115 1095 1301 1144 Eclipses
1326 1101 1476 1135 autem
1499 1095 1737 1144 praesertim
1762 1096 1972 1141 Lunares,
1998 1107 2052 1135 ex

403 1149 567 1187 vmbrae
584 1149 732 1188 Terrae
753 1150 980 1194 diametro,
1001 1151 1048 1187 in
1068 1149 1166 1188 loco
1186 1149 1387 1188 tranfitus
1408 1150 1547 1188 Lunae
1568 1149 1837 1198 cognoscitur
1853 1149 1967 1188 Solis
1987 1161 2050 1188 re-

402 1205 550 1246 motio,
572 1202 610 1240 &
631 1202 792 1241 horum
812 1206 944 1242 trium
961 1203 1213 1251 Corporum
1229 1203 1284 1241 ad
1300 1205 1494 1241 inuicem
1512 1205 1796 1251 comparatio,
1817 1202 1870 1241 de
1891 1202 2051 1251 quibus

402 1255 504 1294 alibi
521 1256 796 1295 commodius
811 1255 1086 1295 trac'tandum
1099 1258 1230 1294 venit.
1247 1256 1524 1295 Assumemus
1540 1258 1668 1304 igitur
1683 1255 1755 1294 hic
1767 1256 2050 1295 Semidiame·

401 1315 516 1347 trum
533 1309 768 1348 Eccentrici
780 1309 905 1355 Solis,
922 1309 1065 1358 qualis
1081 1321 1134 1348 ea
1145 1321 1172 1348 a
1183 1309 1432 1358 Copernico
1449 1321 1503 1348 ex
1515 1309 1751 1358 Eclipfibus
1766 1309 2051 1358 peruessigata

402 1362 468 1407 est,
490 1362 926 1402 Semidiametrorum
941 1363 1141 1401 videlicet
1156 1362 1305 1401 Terrae
1322 1363 1419 1401 1142.
1442 1363 1486 1402 Si
1502 1375 1591 1411 qua
1608 1365 1726 1401 enim
1741 1362 1962 1402 minutula
1977 1362 2049 1402 hic

401 1416 548 1454 incidit
565 1416 862 1464 discrepantia,
879 1418 1104 1466 negotium
1120 1417 1238 1464 quod
1254 1417 1535 1461 intendimus,
1552 1428 1839 1464 nequaquam
1849 1418 2048 1455 intertur-

401 1469 483 1507 bat.
502 1469 706 1517 Cumque
723 1470 921 1509 distantia
937 1470 1049 1509 Solis
1061 1482 1087 1508 a
1098 1469 1235 1508 Terra
1250 1470 1345 1508 dari
1360 1471 1478 1518 possit
1494 1472 1540 1508 in
1556 1472 1608 1518 ijs
1623 1470 1831 1518 partibus,
1848 1470 2049 1518 qualium

401 1522 731 1561 Semidiameter
747 1524 983 1562 Eccentrici
1000 1525 1093 1562 eius
1110 1523 1258 1562 100000
1277 1524 1337 1570 (vt
1352 1535 1471 1562 nunc
1486 1523 1665 1572 patebit)
1682 1524 1838 1562 eadem
1854 1525 1987 1563 etiam
2002 1526 2049 1562 in

400 1575 547 1614 Terrae
564 1576 918 1622 Semidiametris,
936 1578 991 1616 ad
1008 1577 1245 1625 quemlibet
1260 1577 1386 1615 fitum
1402 1588 1493 1615 non
1509 1577 1791 1625 ignorabitur.

674 1642 747 1689 A
1091 1630 1141 1668 In
1150 1631 1353 1679 assignata
1359 1630 1651 1679 Figuratione,
1662 1630 1783 1678 quali
1793 1633 1926 1669 etiam
1933 1632 2047 1669 circa

1036 1683 1431 1731 Prosthaphaereses
1457 1683 1767 1728 enucleandas,
1792 1683 1852 1722 vfi
1876 1683 2044 1728 sumus:

1035 1739 1140 1784 quia
1156 1739 1202 1775 in
1213 1737 1454 1785 Triangulo
1471 1737 1614 1780 BCD.
1631 1743 1737 1776 nota
1752 1737 1848 1775 sunt
1863 1737 1953 1776 duo
1965 1737 2044 1776 La-

1034 1797 1138 1834 tera,
1160 1790 1244 1828 BD
1266 1790 1598 1829 Semidiameter
1619 1791 1869 1835 Eccentrici,
1893 1790 1931 1829 &
1956 1790 2044 1830 DC

1035 1843 1356 1887 Eccentricitas;
1373 1844 1533 1882 constat
1550 1846 1682 1883 etiam
1694 1844 1898 1892 Angulus
1914 1843 2043 1883 BDC

400 1876 432 1915 Β
480 1927 502 1941 N
1034 1908 1110 1944 per
1131 1897 1376 1936 distantiam
1397 1898 1527 1946 medij
1551 1904 1697 1936 motus
1718 1897 1832 1937 Solis
1852 1898 1907 1936 ab
1925 1899 2044 1946 Apo—

1033 1962 1142 1998 gaeo,
1168 1951 1356 1998 ideoque
1382 1963 1474 1989 non
1499 1950 1639 1989 solum
1662 1950 2046 1999 Prosthaphaerefis

1033 2015 1110 2051 per
1134 2004 1362 2052 Angulum
1388 2004 1518 2043 DBC
1547 2005 1617 2051 (de
1643 2016 1731 2052 qua
1756 2010 1887 2043 antea
1911 2003 2045 2043 verba

1034 2056 1233 2103 fecimus)
1259 2057 1329 2096 sed
1356 2060 1487 2096 etiam
1513 2058 1592 2096 BC
1619 2058 1752 2096 Latus
1777 2057 2043 2096 innotescere

1033 2110 1177 2157 potest,
1208 2111 1322 2149 Solis
1347 2123 1373 2149 a
1398 2111 1546 2150 Terrae
1574 2118 1722 2149 centro
1753 2113 2044 2150 remotionem

1033 2163 1302 2206 mensurans.
1314 2166 1359 2202 in
1368 2164 1527 2203 talibus
1536 2165 1744 2213 partibus,
1754 2164 1954 2212 qualium
1962 2164 2042 2203 BD

1033 2217 1253 2255 assumitur
1269 2218 1382 2260 data.
1400 2225 1545 2266 vtpote
1565 2218 1725 2262 100000,
1742 2218 1812 2256 vel
1827 2224 2043 2266 quotquot

701 2267 734 2307 E
1033 2270 1217 2313 libuerit,
1233 2283 1333 2318 quae
1346 2274 1391 2309 in
1403 2271 1761 2310 Semidiametros
1773 2271 1961 2310 Telluris
1972 2273 2042 2310 tri—

392 2321 567 2358 buendo
580 2324 811 2368 quantitati
825 2322 857 2359 B
867 2322 908 2359 D
921 2321 1254 2361 Semidiametro
1268 2325 1672 2367 Eccentrici.Terrae
1685 2325 2042 2364 Semidiametros

393 2374 451 2419 (vt
469 2375 575 2419 dixi)
594 2375 678 2411 1142
695 2374 883 2413 sacilime
901 2387 976 2423 per
995 2376 1204 2424 Regulam
1221 2381 1556 2425 proportionum
1574 2378 1862 2417 resoluuntur.

444 2427 496 2464 Vt
518 2434 666 2465 autem
688 2428 884 2466 distantia
901 2429 1013 2466 Solis
1030 2442 1055 2467 a
1072 2429 1207 2468 Terra
1229 2442 1304 2477 per
1325 2438 1464 2469 totum
1483 2435 1577 2470 eius
1595 2432 1861 2470 curriculum
1878 2434 1923 2470 in
1939 2442 2039 2470 con·

391 2479 531 2527 sped'tu
558 2482 633 2518 esse
659 2482 787 2528 possit.
818 2482 963 2519 addidi
991 2482 1230 2525 Tabellam.
1262 2496 1362 2531 quae
1389 2487 1482 2522 eius
1508 2486 1562 2523 ad
1589 2485 1776 2533 singulos
1801 2487 1961 2577 quAinos
1985 2484 2041 2524 ab

1885 2549 2040 2587 pogaeo

2094 785 2123 811 10

2085 926 2126 958 97

2092 1106 2122 1131 15

2087 1318 2108 1350 ⁴1·

2087 1372 2120 1398 20

2083 1639 2116 1665 2⁵

2083 1906 2116 1932 ³0

2078 2439 2110 2465 40
