2243 3225
439 202 507 241 158
813 194 1268 235 ASTRONOMIAE
1289 191 1712 232 INSTAURATAE

437 305 655 345 tionaliter
670 315 746 351 per
762 302 871 340 alias
888 300 1075 339 Libellas
1092 299 1393 348 expendendo,
1411 303 1627 346 quantum
1642 297 1818 345 fingulis
1831 297 1981 340 Horis,
1998 297 2081 336 Mi-

438 361 553 397 nutis
570 358 607 395 &
623 355 846 399 Secundis,
864 355 916 393 de
933 354 1157 391 Mercurio
1174 357 1386 396 currente,
1408 351 1649 395 deberetur,
1669 350 1838 398 collegi;
1859 356 1903 388 vt
1918 350 2001 388 hac
2017 362 2082 389 ra-

437 415 554 450 tione
576 409 754 457 quando
774 407 953 451 luberet,
977 406 1015 444 8(
1038 406 1171 445 Stella
1191 406 1342 453 aliqua
1362 407 1409 443 in
1429 404 1695 448 Meridiano,
1717 403 1935 451 Tempore
1955 405 2082 442 inter-

436 464 582 502 medio
604 462 918 505 obseruaretur,
939 471 1016 507 per
1035 459 1209 506 pondus
1228 459 1437 505 Mercurij
1457 469 1484 495 a
1499 457 1688 495 Meridie
1703 456 1836 504 vsque
1857 455 2081 501 effluxum,

438 516 691 565 cognoscere
712 515 882 562 possem,
903 518 1009 560 quot
1025 513 1178 556 Horae,
1201 512 1379 550 Minuta
1401 511 1439 549 &
1460 510 1663 549 Secunda
1683 521 1710 548 a
1730 509 1919 548 Meridie
1940 509 2084 558 elapsa
2118 524 2134 550 ⁵

438 571 574 613 essent,
600 574 730 615 atque
756 567 870 611 hinc,
896 566 1092 604 adhibito
1117 565 1215 603 loco
1241 565 1366 609 Solis,
1395 564 1540 603 Stellae
1566 563 1752 601 alicuius
1777 562 2084 601 Ascenfionem

437 622 612 661 Rectam
628 620 939 669 persentiscere.
958 619 1152 667 Operoso
1168 618 1269 656 sane
1287 617 1325 656 &
1340 617 1559 656 sumtuoso
1575 616 1816 654 molimine.
1833 616 1888 654 Vt
1899 615 1938 654 8(
1949 615 2002 654 fic
2013 627 2083 654 ve-

437 676 678 714 rificaretur
694 673 1060 721 Philosophorum
1076 672 1400 720 Spagiricorum
1417 669 1676 709 Dicterium:
1699 669 1765 707 Est
1782 671 1828 707 in
1847 668 2084 714 Mercurio,

438 728 644 776 quicquid
661 732 865 775 quaerunt
882 726 1120 773 Sapientes.
1139 725 1233 763 Nec
1245 725 1283 763 8(
1294 724 1385 772 ipso
1402 724 1640 768 Mercurio,
1656 723 1755 761 licet
1770 722 1826 760 ad
1842 724 1994 761 omnia
2008 722 2084 761 ha-

436 782 523 826 bili,
545 787 677 828 atque
697 783 743 818 in
763 780 975 827 plurimas
994 777 1375 825 Metamorphoses
1395 776 1724 820 transmutabili,
1746 780 1989 819 contentus,
2008 787 2085 823 per
2123 789 2152 815 ιο

437 836 681 874 altissimum
693 845 870 880 quoque
882 832 1134 875 Saturnum,
1146 831 1441 879 ponderosum
1452 830 1578 868 illum
1590 829 1763 873 Senem,
1775 828 1829 867 fic
1841 830 1960 867 enim
1969 828 2084 878 Chy-

437 888 571 926 missae
592 887 823 935 plumbum
844 885 955 924 redte
976 890 1146 929 vocant,
1167 887 1210 922 vi
1231 884 1420 922 Vulcani
1442 883 1638 921 sordibus
1658 882 1932 927 defaecatum,
1955 887 2085 930 atque

437 944 482 979 in
497 941 808 979 subtilissimum
823 939 1054 987 puluerem
1071 938 1330 976 calcinando
1346 935 1582 980 redactum,
1604 936 1755 974 itidem
1769 940 1937 974 tentare
1951 935 2084 980 volui,

438 1000 655 1042 quatenus
671 995 707 1030 is
722 999 936 1040 tanquam
947 992 1230 1030 Planetarum
1245 991 1484 1038 supremus,
1502 988 1835 1036 lentissimusque
1847 988 1885 1026 8(
1897 994 2085 1027 contem-

437 1048 620 1095 plationi
636 1052 767 1094 atque
784 1045 1020 1093 Sapientiae
1036 1044 1276 1083 sublimiori
1292 1040 1575 1093 prae-Hfidens‚
1592 1054 1669 1090 per
1685 1042 1933 1086 Metallum,
1951 1041 2026 1080 fibi
2040 1043 2086 1080 in
2112 1049 2165 1081 151

437 1101 582 1139 Terris
599 1099 872 1138 assimilatum
888 1098 1042 1136 nostrae
1059 1098 1211 1136 arduae
1224 1097 1262 1135 &
1274 1096 1439 1135 difficili
1450 1098 1696 1140 intentioni,
1713 1097 1846 1134 etiam
1855 1094 2086 1134 subuenire

437 1155 580 1202 posset;
594 1153 750 1200 Sicque
763 1152 977 1191 Saturnus
989 1151 1027 1189 8(
1039 1151 1290 1189 Mercurius
1301 1148 1545 1188 coniunctis
1557 1149 1776 1197 Operibus
1787 1148 1903 1187 hanc
1913 1148 2086 1196 inquili-

437 1210 603 1246 tionem
624 1206 893 1253 expedirent:
915 1217 1016 1243 cum
1037 1205 1075 1243 8(
1095 1204 1334 1242 secundum
1354 1203 1618 1251 Astrologos,
1639 1202 1817 1241 illorum
1837 1200 2086 1241 coniunctio

439 1266 514 1299 aut
528 1260 749 1298 beneuola
764 1261 957 1297 inuicem
973 1258 1172 1301 radiatio,
1188 1257 1427 1305 praesertim
1437 1256 1467 1295 fi
1479 1268 1580 1295 cum
1592 1256 1720 1295 Luna
1735 1255 1956 1294 nonnulla
1971 1257 2086 1294 coin-

439 1315 550 1352 cidat
571 1315 846 1361 permutatio,
868 1317 943 1350 aut
965 1314 1097 1350 etiam
1117 1313 1300 1349 intuitus
1319 1310 1667 1354 beneuolentior,
1690 1320 1782 1357 prae
1803 1310 1970 1347 caeteris
1990 1308 2087 1357 alijs
2122 1320 2154 1347 zo

438 1366 821 1415 fignificationibus
837 1366 892 1404 ad
908 1367 1068 1413 ingenij
1088 1364 1126 1403 8(
1142 1364 1326 1403 solertiae
1343 1362 1808 1411 contemplationisque
1819 1361 2087 1410 profundita-

438 1427 537 1464 tem,
550 1419 794 1467 laborisque
805 1418 1015 1458 inuictam
1024 1418 1321 1461 constantiam,
1333 1417 1576 1465 plurimum
1587 1416 1832 1455 conducere
1844 1415 2086 1454 credantur.

491 1474 600 1512 Vsus
612 1478 761 1511 autem
772 1473 866 1511 sum
877 1473 1137 1520 potissimum
1150 1471 1397 1515 Metallicis‚
1410 1473 1456 1508 in
1467 1470 1550 1509 hac
1562 1470 1848 1509 articulorum
1858 1468 2088 1517 Temporis

438 1527 767 1576 ponderatione,
776 1538 829 1564 eo
837 1526 956 1574 quod
963 1526 1039 1564 illa
1046 1527 1212 1564 caeteris
1221 1527 1426 1573 grauiora
1433 1524 1523 1567 fint,
1531 1523 1810 1571 multumque
1816 1521 2086 1571 paucoTem-

439 1593 544 1629 pore
556 1580 775 1628 ponderis,
787 1591 864 1627 per
875 1579 1146 1617 minutulum
1157 1578 1359 1617 foramen
1370 1578 1610 1621 demittant,
1622 1576 1660 1615 8(
1669 1576 1843 1624 insuper
1854 1578 1987 1614 etiam
1997 1587 2087 1614 non
2122 1587 2154 1613 25

441 1635 552 1673 adeo
564 1634 641 1672 fint
653 1634 810 1671 Aereae
826 1635 1060 1671 mutationi
1076 1630 1276 1676 subiecta,
1294 1637 1424 1679 atque
1437 1642 1490 1669 ea
1501 1642 1602 1678 quae
1615 1642 1668 1669 ex
1680 1629 2003 1678 Vegetabilibus
2013 1634 2089 1668 aut

442 1687 766 1731 AnimantibuS,
784 1689 830 1724 in
847 1687 1038 1724 eundem
1053 1686 1177 1724 vsum
1193 1685 1350 1723 confici
1365 1685 1537 1732 possent.

494 1742 904 1784 Verumenimuero,
916 1746 959 1777 vt
971 1740 1014 1777 id
1026 1740 1145 1787 quod
1157 1750 1226 1777 res
1237 1738 1304 1782 est,
1319 1738 1476 1782 dicam,
1491 1749 1583 1776 non
1593 1737 1743 1776 saltem
1755 1736 1876 1775 vafer
1886 1736 1959 1774 ille
1972 1735 2087 1774 Mer-

442 1797 600 1837 curius,
617 1794 994 1841 quemadmodum
1011 1793 1049 1831 &
1065 1795 1111 1830 in
1128 1792 1257 1831 Coelo
1270 1792 1568 1834 Astronomos.
1586 1790 1624 1828 &
1640 1792 1686 1828 in
1697 1790 1833 1828 Terra
1845 1788 2088 1838 Chymistas

442 1849 587 1891 eludit,
607 1853 790 1885 conatus
807 1858 984 1894 quoque
1001 1847 1166 1884 nostros
1182 1848 1325 1883 irritos
1341 1845 1541 1883 reddidit:
1563 1844 1647 1883 Sed
1664 1843 1702 1881 8(
1718 1845 1865 1892 grauis
1879 1843 1952 1881 ille
1967 1841 2087 1882 alias·
2123 1852 2156 1880 ω

442 1913 526 1949 que
549 1901 746 1939 constans
767 1900 982 1939 Saturnus
1003 1912 1029 1938 a
1049 1899 1239 1938 subdolis
1259 1899 1357 1941 suis.
1382 1897 1739 1945 clandestinisque
1762 1897 1959 1935 moribus
1981 1895 2090 1934 nihil

443 1955 611 1997 remisit,
629 1954 666 1992 8(
682 1960 771 1992 vtvt
788 1953 1041 1997 laboriosus,
1058 1953 1256 1991 laborem
1272 1958 1420 1991 tamen
1437 1963 1617 1990 omnem
1633 1949 2007 1999 tergiuersabatur.

496 2008 607 2046 Haec
625 2010 776 2045 omnia
792 2008 1094 2045 antecedentia
1110 2013 1342 2054 propterea
1359 2017 1411 2044 eo
1428 2006 1558 2044 latius
1574 2015 1888 2046 commemoro.
1903 2009 1947 2041 vt
1959 2002 2090 2041 huius

443 2063 560 2099 Artis
581 2061 765 2099 Studioli
788 2061 1042 2108 intelligant,
1067 2066 1245 2108 quantae
1267 2060 1396 2097 molis
1419 2059 1476 2102 fit.
1500 2059 1570 2096 vel
1586 2060 1717 2096 vnius
1735 2057 1881 2096 Stellae
1899 2058 1945 2095 in
1962 2055 2090 2095 Coelo

443 2114 747 2153 exactissimam
772 2114 827 2152 ab
852 2113 1143 2162 AEquinodtijs
1168 2113 1238 2151 vel
1263 2113 1457 2161 Solstitijs
1485 2114 1776 2150 remotionem
1803 2109 2090 2158 praedefinire.
2125 2119 2157 2146 ³⁵

443 2180 666 2215 quamque
683 2174 775 2205 tum
788 2168 977 2210 Veteres.
995 2173 1088 2205 tum
1105 2169 1236 2205 etiam
1249 2167 1587 2204 Neotericorum
1599 2165 1780 2213 quidam
1792 2166 1838 2202 in
1849 2164 2007 2203 cassum
2021 2162 2091 2201 hic

443 2222 694 2263 laborarint,
707 2227 838 2268 vtque
850 2233 937 2259 vna
950 2221 1231 2262 ostenderem.
1247 2226 1413 2267 quanto
1425 2219 1648 2260 defiderio‚
1665 2224 1921 2266 quantoque
1933 2221 2091 2255 conatu

444 2275 481 2312 &
498 2275 738 2316 molimine,
756 2281 949 2321 quotque
967 2277 1098 2312 etiam
1116 2273 1342 2311 sumtuofis
1359 2273 1396 2311 8(
1413 2272 1666 2311 difficultate
1683 2271 1824 2320 plenis
1840 2271 1996 2313 modis.
2012 2280 2090 2318 ego

444 2340 620 2375 quoque
637 2325 652 2376 ΙΙ
669 2327 854 2375 idipsum
871 2328 1018 2364 multis
1035 2327 1194 2365 abhinc
1212 2328 1355 2364 Annis
1372 2325 1631 2367 affectarim:
1654 2327 1799 2372 Atque
1821 2324 1923 2362 hinc
1943 2324 2091 2371 aliqua
2116 2325 2171 2360 152

444 2383 576 2419 etiam
593 2393 645 2418 ex
663 2387 783 2427 parte
800 2381 1071 2428 cognoscant,
1094 2383 1245 2427 quanti
1265 2380 1423 2417 intersit
1441 2379 1691 2417 Affixarum
1708 2378 1955 2420 Stellarum,
1976 2379 2034 2415 ita
2048 2380 2090 2413 vt
2125 2385 2158 2413 ⁴⁰

446 2434 592 2472 saltem
616 2437 742 2472 vnica
766 2435 902 2476 detur.
927 2440 1176 2472 accuratam
1201 2434 1626 2481 redintegrationem.
1651 2432 1889 2471 fecundum
1912 2431 2090 2479 longum

445 2488 482 2525 8(
500 2488 649 2530 latum,
667 2487 922 2525 construere.

2048 2535 2090 2574 Si
