2164 3246
431 198 1090 239 PROGYMNASMATUM
1112 200 1317 238 PRIMA
1338 200 1490 239 PARS
1714 200 1790 239 235

138 305 176 344 8(
191 304 410 353 applicata
427 305 583 343 eadem
599 304 845 344 differentia
858 307 1174 355 Longitudinis,
1192 319 1327 354 quam
1344 309 1587 345 etiamnum
1599 305 1792 354 respectu

137 358 277 406 Spicae
303 358 492 406 Virginis
518 369 571 396 ex
596 361 706 396 meis
732 359 1123 398 obseruationibus
1149 360 1345 398 obtinere
1373 360 1790 407 depraehenduntur.

137 412 242 450 Non
263 413 382 449 enim
402 413 564 450 variari
585 411 820 450 Stellarum
844 413 1076 457 distantias,
1100 419 1175 451 aut
1199 413 1466 451 differentias
1488 413 1792 461 Longitudinis

136 465 192 504 ad
207 467 411 510 inuicem,
433 465 728 512 plurimorum
744 465 1004 504 Seculorum
1021 467 1313 514 Experientia,
1335 478 1416 504 nos
1438 473 1576 504 certos
1593 467 1789 505 reddidit.

83 533 98 558 5
136 519 187 557 Et
202 518 232 556 fi
247 517 359 556 nihil
374 518 496 556 aliud
512 519 618 563 esset,
637 519 755 566 quod
772 519 957 567 idipsum
975 520 1201 558 euidenter
1218 520 1496 563 attestaretur,
1514 526 1627 558 certe
1645 520 1790 558 Stellae

136 572 236 617 inae,
262 583 373 619 quas
397 571 661 610 Ptolemaeus
687 579 1004 611 commemorat
1027 573 1245 621 Tempore
1272 573 1520 621 Hipparchi
1545 580 1676 621 atque
1702 573 1790 617 suo,

134 625 250 664 fuisse
266 627 313 663 in
328 636 417 663 vna
433 625 572 663 Linea
588 624 730 670 Recta,
747 626 816 664 vel
833 638 981 674 prope,
1003 627 1194 664 similiter
1215 626 1361 665 adhuc
1382 629 1427 664 in
1449 627 1604 665 eadem
1621 627 1790 674 dispofi-

134 681 266 723 tione,
292 684 510 726 quantum
535 679 591 717 ad
616 679 746 717 lineae
773 679 915 718 Rectae
941 679 1131 724 ductum,
1162 680 1335 727 prorsus
1361 682 1594 718 inuariatae
1621 692 1789 727 perma-

135 737 300 777 nentes,
317 731 558 780 interlapfis
574 734 664 770 iam
676 733 730 770 ab
743 733 1017 780 Hipparcho,
1035 733 1258 780 hucusque
1275 733 1411 771 ferme
1423 733 1488 771 bis
1500 733 1620 771 mille
1634 735 1790 777 Annis,

68 799 98 825 ιο
134 797 227 824 rem
243 785 381 833 ipsam
396 787 456 823 ita
471 786 511 824 se
527 785 703 830 habere,
720 786 819 824 satis
835 786 1049 834 superque
1066 789 1348 825 conuincunt.

188 839 240 877 Et
259 841 474 887 quoniam
494 839 700 877 nonnulli
720 839 829 877 forte
851 843 1134 887 reperientur,
1157 843 1232 888 qui
1251 840 1347 878 haec
1364 839 1550 878 inficiari
1567 842 1697 878 nimis
1714 852 1789 878 au-

134 891 280 932 daeter
303 892 582 940 praesumant,
613 893 824 940 quasdam
850 905 1004 932 earum
1030 894 1277 937 Stellarum,
1308 905 1409 941 quae
1434 893 1653 941 Tempore
1680 894 1789 941 Hip-

134 945 287 995 parchi
306 951 439 994 atque
459 946 686 984 Ptolemaei
706 949 752 984 in
773 946 934 986 directo
955 949 1138 991 tramite,
1160 947 1229 985 vel
1251 959 1386 994 quam
1406 949 1618 994 proxime,
1641 947 1789 985 consti-

133 1004 290 1044 terunt,
307 1005 438 1047 atque
455 1002 700 1038 etiamnum
717 1002 776 1038 ita
791 1007 1064 1048 permanent,
1082 1007 1322 1048 antequam
1339 1000 1393 1038 ad
1410 1001 1452 1038 id
1470 1000 1587 1048 quod
1604 1001 1788 1038 intendi-

68 1067 98 1093 15
134 1064 246 1098 mus,
261 1053 565 1101 procedamus,
582 1065 674 1091 non
691 1055 797 1092 citra
813 1065 918 1097 rem,
935 1056 995 1092 vti
1010 1054 1151 1098 video,
1170 1054 1458 1097 enumerabo;
1476 1054 1672 1091 Primum
1683 1065 1788 1092 vero

77 1111 97 1143 ἢ·
135 1119 188 1146 ex
204 1106 478 1155 Hipparcho,
495 1109 730 1155 negocium
746 1107 830 1145 hoc
847 1108 1061 1146 deducere
1079 1108 1393 1155 aggrediemur.

187 1160 474 1208 Hipparchus
494 1160 640 1209 Pegafi
661 1166 802 1208 eaput,
827 1160 865 1199 8(
887 1161 1181 1199 obscuriorem
1203 1163 1248 1198 in
1268 1160 1410 1198 fronte
1432 1160 1624 1198 eiusdem
1646 1161 1721 1198 esse
1743 1163 1788 1198 in

133 1225 222 1252 vna
232 1213 351 1252 linea
362 1213 504 1259 Recta,
521 1226 623 1252 cum
638 1214 913 1262 praecedente
930 1214 1118 1252 humero
1130 1215 1314 1262 Aquarij
1330 1215 1598 1258 asseuerauit,
1616 1214 1658 1252 id
1670 1226 1788 1252 nunc

134 1279 312 1316 quoque
329 1267 486 1306 eodem
500 1268 636 1306 modo
652 1267 692 1306 se
709 1268 852 1306 habet.

64 1335 98 1362 20
187 1320 257 1360 Sic
277 1321 416 1360 Linea
436 1320 565 1360 dueta
585 1333 612 1360 a
631 1322 784 1360 dextro
805 1321 993 1360 humero
1010 1323 1210 1370 Aquarij,
1233 1323 1277 1359 in
1298 1321 1490 1359 Primam
1511 1321 1609 1358 Alae
1630 1321 1787 1369 Pegasi,

133 1374 340 1422 relinquit
349 1374 563 1413 Lucidam
573 1375 690 1413 Colli
700 1375 892 1413 eiusdem
902 1375 1230 1423 aliquantulum
1240 1374 1386 1412 versus
1397 1374 1623 1417 Occasum,
1637 1386 1787 1422 quem-

134 1428 376 1467 admodum
391 1428 430 1466 &
446 1433 549 1466 tunc
565 1428 708 1467 fiebat.

187 1480 317 1521 Recta
337 1481 548 1530 descripta
567 1482 694 1530 super
711 1482 774 1521 Os
790 1482 946 1530 Pegafi,
970 1481 1008 1520 8(
1028 1488 1232 1530 quartam
1249 1483 1293 1519 in
1309 1493 1448 1519 manu
1464 1482 1664 1529 Aquarij,
1687 1493 1787 1528 quae

134 1535 189 1574 est
209 1535 265 1574 ad
286 1535 514 1574 Orientem
537 1535 576 1573 8(
598 1547 786 1574 numero
810 1535 1086 1580 duodecima,
1114 1535 1224 1573 secat
1251 1535 1396 1573 adhuc
1424 1535 1534 1573 duas
1562 1537 1607 1572 in
1631 1534 1787 1582 Capite

64 1603 98 1629 25
134 1588 279 1637 Pegafi
294 1588 652 1637 orthogonaliter,
670 1590 1050 1637 quemadmodum
1066 1588 1314 1637 Hipparchi
1330 1600 1443 1626 aeuo.

187 1642 255 1681 Sic
277 1642 424 1681 Prir'na
445 1642 574 1681 Piscis
594 1642 819 1687 Australis,
844 1643 882 1681 &
904 1643 1050 1681 Prima
1070 1643 1169 1680 Alae
1191 1641 1336 1690 Pegafi
1358 1648 1489 1689 atque
1513 1641 1670 1679 Scheat
1692 1641 1787 1679 sunt

134 1698 378 1735 etiamnum
393 1701 438 1734 vt
452 1696 671 1744 Tempore
688 1696 936 1744 Hipparchi
953 1699 998 1734 in
1014 1708 1102 1734 vno
1119 1694 1280 1734 diredto
1297 1694 1441 1733 ductu.
1484 1721 1486 1724 -

187 1749 487 1788 Descendente
503 1750 642 1788 Linea
658 1750 712 1789 ab
729 1750 935 1788 inferiore
951 1750 1024 1788 seu
1041 1750 1207 1787 Lucida
1223 1751 1268 1787 in
1284 1749 1393 1796 pede
1410 1748 1721 1791 Andromedae,
1742 1750 1786 1786 in

135 1802 348 1841 Lucidam
366 1803 497 1851 supra
513 1803 659 1851 Caput
677 1810 738 1848 V,
760 1803 873 1842 cadit
894 1804 1052 1841 clarior
1068 1805 1113 1840 in
1130 1803 1339 1841 Deltoton
1356 1801 1443 1839 basl
1460 1802 1787 1848 aliquantulum

65 1870 98 1896 30
135 1856 190 1895 ad
207 1856 447 1902 Orientem,
465 1857 844 1905 quemadmodum
861 1859 993 1895 etiam
1010 1856 1272 1904 Hipparcho
1289 1857 1504 1903 apparuit.

187 1909 378 1949 Eduetus
393 1911 537 1949 Arcus
553 1922 580 1949 a
596 1911 762 1949 Lucida
778 1911 974 1948 Vulturis
991 1913 1036 1948 in
1053 1909 1314 1953 Fomahant,
1335 1908 1504 1947 secabat
1522 1908 1583 1945 illi
1600 1908 1726 1946 binas
1743 1910 1788 1946 in

134 1963 288 2008 cauda,
309 1964 430 2012 quafi
450 1964 691 2012 aequaliter‚
714 1967 773 2002 ita
793 1970 943 2002 tamen
958 1970 1001 2002 vt
1022 1964 1077 2002 ad
1098 1963 1419 2011 praecedentem
1441 1962 1668 2009 aliquanto
1690 1962 1788 2008 plus

133 2017 375 2062 inclinaret,
392 2018 511 2065 quod
527 2029 645 2056 nunc
662 2029 840 2065 quoque
857 2023 984 2066 patet.
1003 2014 1017 2067 ΙΙ

47 2078 110 2111 235
186 2070 324 2110 Haud
340 2071 465 2110 aliter
481 2071 620 2110 Linea
635 2072 690 2110 ab
708 2072 863 2110 eadem
880 2070 1128 2109 Fomahant
1145 2072 1191 2107 in
1203 2070 1265 2108 Os
1277 2069 1434 2117 Pegasi,
1452 2081 1478 2107 a
1494 2069 1725 2106 Lucidiore
1743 2070 1787 2106 in

64 2137 98 2164 35
133 2123 328 2172 sequenti
343 2124 532 2163 humero
548 2126 733 2173 Aquarij
752 2127 867 2163 circa
883 2125 1114 2162 dimidium
1135 2123 1271 2161 ferme
1288 2123 1472 2171 gradum
1488 2122 1634 2160 versus
1652 2122 1787 2160 Occa-

133 2177 227 2216 sum
242 2178 442 2222 declinat,
460 2179 579 2226 quod
596 2179 634 2217 8(
650 2178 726 2226 ipfi
742 2178 881 2216 visum
899 2178 965 2216 est.

186 2230 308 2278 Quin
329 2231 367 2270 8(
388 2232 526 2271 Linea
549 2232 603 2270 ab
627 2231 710 2270 hac
734 2232 823 2279 ipsa
845 2231 1105 2275 Fomahant,
1130 2233 1175 2268 in
1198 2230 1260 2269 Os
1280 2229 1405 2278 piscis
1425 2229 1650 2270 Australis.
1675 2229 1787 2266 cadit

133 2283 290 2324 directe
302 2287 348 2323 in
358 2287 549 2333 primam
560 2285 659 2323 Alae
672 2285 828 2333 Pegafi,
846 2285 1092 2323 declinante
1105 2284 1262 2323 Scheat
1274 2283 1479 2321 nonnihil
1491 2283 1546 2320 ad
1560 2281 1786 2324 Occasum,

133 2343 262 2386 prout
277 2341 411 2377 etiam
427 2339 714 2387 Hipparchus
731 2341 975 2377 annotauit.

63 2404 98 2430 4ο
186 2392 332 2440 Atque
361 2392 458 2431 haec
487 2393 540 2431 de
571 2392 919 2440 Hipparchianis
949 2390 1367 2430 considerationibus
1397 2389 1622 2428 sufficiant.
1655 2389 1785 2426 Nunc

77 2448 97 2479 †
134 2443 400 2484 Ptolemaica
415 2446 623 2494 quaedam
639 2446 854 2494 Exempla
869 2445 1171 2494 superaddam.

186 2499 419 2547 Applicata
428 2499 595 2548 Regula
604 2512 631 2538 a
640 2500 754 2548 Lyra
764 2500 819 2538 ad
830 2499 1083 2538 inferiorem
1093 2501 1138 2536 in
1148 2498 1302 2537 Cornu
1311 2497 1582 2544 Capricorni.
1594 2496 1787 2554 superior

239 2560 290 2587 30·
1741 2559 1785 2584 m
