2164 3246
414 197 1073 240 PROGYMNASMATUM
1096 203 1407 243 SECUNDA
1429 205 1580 244 PARS
1756 207 1824 245 361

175 305 330 344 celabit
341 305 384 342 P.
397 305 433 343 6.
447 302 473 352 l.
485 305 548 343 45.
563 303 606 352 ll.
619 305 682 347 45.
701 308 775 352 qui
792 306 847 343 ab
858 308 1036 356 Angulo
1050 311 1132 348 AB
1142 310 1175 348 Ε
1191 313 1237 348 in
1252 314 1386 358 priori
1399 312 1637 360 Triangulo
1654 319 1824 360 reperto

174 358 379 403 sublatus,
396 358 624 406 Angulum
642 358 763 397 CBE
780 359 998 408 relinquet
1014 369 1181 408 notum,
1199 370 1305 411 part.
1323 366 1385 403 60.
1405 364 1429 412 l.
1447 366 1509 403 46.
1530 365 1572 413 ll.
1589 366 1651 404 22.
1670 363 1684 416 ΙΙ

88 420 152 453 380
228 412 292 450 Ex
308 411 378 450 his
394 413 440 449 in
455 413 581 449 tertio
593 411 834 460 Triangulo
847 414 880 451 B
890 414 981 459 CE,
998 418 1223 454 inuenitur
1237 429 1259 455 e
1274 418 1384 456 datis
1401 419 1572 457 duobus
1585 420 1824 464 Lateribus,

174 465 441 513 Anguloque
458 467 696 513 intercepto
713 465 796 504 istis
814 468 903 505 iam
919 469 1055 507 tribus
1073 471 1283 512 concessis.
1301 471 1433 509 Latus
1447 472 1524 510 CE
1538 480 1643 519 part.
1657 473 1718 511 36.
1734 472 1758 521 l.
1772 474 1823 512 15.

121 534 137 559 5
175 517 219 568 ΙΙ.
235 519 298 563 20,
320 519 438 566 quod
456 518 846 566 Complementum
866 521 1128 561 Latitudinis
1145 523 1290 562 Stellae
1312 525 1514 567 decernit.
1538 526 1625 573 ipso
1647 538 1824 574 quoque

173 571 351 620 Angulo
364 572 497 617 CEB,
515 583 538 609 e
553 572 690 610 tribus
707 575 822 611 notis
834 574 1061 614 Lateribus
1078 588 1169 614 non
1185 580 1384 625 ignorato
1401 585 1507 626 part.
1521 580 1574 617 19.
1589 579 1614 626 l.
1627 580 1689 617 20.
1705 579 1748 627 sl.
1761 581 1824 623 57,

174 625 483 664 Differentiam
499 625 804 674 Longitudinis
822 627 969 666 Nouae
990 630 1044 667 ab
1066 642 1129 674 ea,
1152 642 1252 678 quae
1275 631 1329 669 est
1349 634 1394 669 in
1416 635 1685 671 extremitate
1704 634 1825 680 pedis

175 679 412 727 Cassiopeae
428 678 667 726 proferens,
688 692 865 728 vnaque
883 682 1222 730 Longitudinem
1238 685 1463 732 quaefitam
1480 688 1524 723 in
1541 692 1647 733 part.
1665 687 1700 724 6.
1720 686 1744 733 l.
1763 688 1824 725 54.

176 731 219 782 ΙΙ.
243 732 267 771 3
294 734 336 777 8
363 744 595 780 reponens,
619 733 868 772 Latitudine
893 747 915 773 e
940 735 1278 784 Complemento
1302 739 1444 776 Arcus
1468 739 1546 777 (ΣΕ
1570 740 1825 786 prodeunte.

109 801 139 827 ιο
174 791 282 834 part.
299 785 362 825 53.
380 784 406 834 l.
422 786 486 824 44.
505 784 548 834 ll.
565 786 628 831 40,
647 787 766 834 quod
783 787 821 825 8(
837 787 920 826 hac
936 788 1053 828 sexta
1069 793 1162 828 vice
1180 792 1545 839 comperiundum
1562 793 1780 831 duximus.

227 839 467 878 Verificaui
487 841 699 879 iamnunc
715 840 758 878 N
762 852 863 879 ouae
881 841 1025 881 Stellae
1046 844 1193 882 locum
1211 844 1347 883 sexies
1364 857 1386 883 e
1403 845 1610 894 distantijs
1626 848 1652 883 a
1670 846 1825 885 Cassio-

175 904 271 941 peae
291 892 470 932 diuersis
491 893 645 932 Steuis.
670 893 792 941 Quin
814 894 851 932 8(
873 895 1066 944 Septimo
1087 898 1203 935 idem
1225 898 1404 936 vlterius
1428 901 1625 946 experiri,
1650 900 1826 947 aliaque

176 946 370 995 quadam
385 948 555 985 ratione
571 958 648 995 per
664 947 995 988 Declinationes
1008 950 1045 988 &
1058 951 1340 989 Ascenfiones
1353 950 1504 990 Re6tas
1521 953 1709 991 duarum
1722 953 1825 991 Stel-

175 1000 320 1039 larum
343 999 526 1039 Nouam
548 1002 931 1049 intercipientium,
955 1003 1150 1042 adhibita
1174 1016 1350 1052 quoque
1374 1005 1680 1044 Declinatione
1704 1006 1826 1044 Noui

110 1069 140 1094 15
176 1053 309 1092 huius
333 1053 507 1099 Sideris,
533 1055 818 1093 antecedente
844 1055 998 1104 Capite
1025 1069 1078 1095 ex
1103 1058 1419 1096 Altitudinibus
1445 1061 1538 1097 eius
1565 1060 1826 1098 Meridianis

177 1113 412 1155 comperta,
429 1119 518 1146 vna
534 1119 635 1146 cum
651 1108 850 1147 distantia
862 1121 888 1148 a
900 1110 1016 1148 Fixis
1029 1112 1314 1159 comprobare
1331 1112 1461 1155 lubet.
1479 1119 1520 1150 vt
1537 1115 1708 1161 cognita
1725 1113 1826 1151 hinc

177 1172 254 1209 per
272 1161 580 1200 limitationem
596 1162 863 1201 viceversam
883 1164 1017 1202 modo
1034 1165 1144 1202 alias
1160 1166 1186 1202 a
1203 1166 1329 1203 nobis
1345 1165 1494 1203 vsitato
1511 1166 1679 1204 Ascens.
1698 1166 1827 1205 Rec‘ia

177 1214 425 1253 Neotericae
445 1217 638 1263 primum
659 1216 952 1261 constituatur,
975 1217 1013 1255 &
1034 1218 1191 1256 dehinc
1210 1219 1455 1267 Longitudo
1477 1225 1607 1267 atque
1625 1220 1827 1258 Latitudo

177 1273 480 1316 componatur,
498 1280 688 1317 cumque
705 1271 1063 1309 antecedentibus
1080 1274 1271 1310 inuentis
1288 1272 1547 1311 conferatur.

108 1335 142 1362 20
231 1321 381 1360 Nullae
397 1327 547 1361 autem
563 1325 675 1361 inter
688 1323 925 1372 Cassiopeae
942 1332 1209 1364 memoratas
1221 1325 1375 1364 Stellas
1387 1328 1525 1374 magis
1539 1327 1641 1365 huic
1654 1329 1827 1375 negotio

177 1375 351 1414 idoneae
369 1375 788 1424 depraehenduntur,
810 1390 945 1425 quam
967 1390 1030 1421 ea,
1053 1390 1153 1426 quae
1173 1379 1227 1417 est
1245 1382 1291 1417 in
1308 1379 1531 1418 Cathedra
1550 1380 1746 1423 lucidior,
1768 1388 1827 1419 at-

179 1440 264 1477 que
284 1429 422 1468 altera
441 1432 565 1469 iuxta
584 1430 707 1478 pedis
728 1434 1064 1476 extremitatem;
1087 1432 1142 1480 Ijs
1159 1435 1278 1470 enim
1294 1433 1465 1471 duabus
1482 1433 1616 1471 Noua
1632 1433 1707 1472 illa
1724 1446 1827 1481 qua-

178 1482 411 1522 damtenus
426 1484 798 1532 interponebatur.
821 1484 971 1532 Quare
988 1487 1040 1534 ijs
1056 1491 1239 1530 vtemur‚
1257 1486 1523 1534 respiciendo
1539 1499 1656 1525 nunc
1673 1487 1828 1525 Polum

179 1535 353 1582 Mundi,
370 1537 397 1575 a
413 1549 502 1585 quo
517 1537 665 1576 versus
681 1538 972 1586 AEquatorem
988 1538 1083 1577 haec
1099 1540 1292 1587 procedit
1309 1542 1595 1578 ratiocinatio.
1613 1537 1627 1590 ΙΙ

92 1649 152 1683 381
180 1642 257 1682 EX
273 1643 504 1683 LUCIDA
521 1644 870 1684 CATHEDRAE
887 1645 1092 1692 ATQUE
1110 1646 1397 1685 EXTREMO
1415 1647 1577 1690 PEDE,
1595 1646 1829 1685 STELLAE

257 1705 447 1746 HUIUS
462 1707 895 1747 ASCENSIONEM
913 1708 1175 1753 RECTAM‚
1193 1709 1231 1746 &
1248 1709 1414 1753 HINC,
1433 1709 1752 1747 MEDIANTE

411 1769 881 1815 DECLINATIONE,
898 1771 1378 1810 LONGITUDINEM
1395 1771 1600 1818 ATQUE

574 1832 999 1872 LATITUDINEM
1018 1833 1437 1872 CONCLUDERE.

962 1896 1053 1934 VII.

112 1977 146 2004 30
227 1964 271 2003 N
283 1965 477 2014 appofita
488 1965 767 2014 Figuratione
779 1966 1143 2015 praesupponatur
1154 1968 1195 2004 A
1207 1967 1338 2005 Polus
1350 1967 1620 2014 AEquatoris;
1635 1967 1713 2005 EG
1727 1967 1831 2005 eius—

228 2018 329 2057 dem
343 2021 499 2067 portio.
517 2019 662 2058 Stellae
679 2032 784 2059 vero
801 2020 960 2068 quibus
977 2020 1047 2058 hic
1064 2023 1236 2063 vtimur,
1254 2020 1343 2062 fint.
1362 2021 1395 2058 B
1409 2021 1572 2058 Lucida
1585 2020 1832 2061 Cathedrae.

183 2071 225 2110 D
246 2077 441 2112 extrema
461 2073 583 2121 pedis
601 2074 851 2121 Cassiopeae,
875 2074 911 2112 C
928 2086 1032 2112 vero
1050 2074 1184 2112 Noua
1204 2074 1291 2117 illa,
1313 2086 1389 2122 per
1410 2086 1520 2121 quas
1537 2076 1562 2111 a
1579 2074 1685 2111 Polo
1703 2073 1833 2121 vsque

182 2126 228 2164 in
244 2127 339 2164 eius
354 2127 534 2171 Arcum,
551 2127 812 2166 descendant
828 2134 912 2165 tres
930 2127 1210 2174 Quadrantes
1227 2127 1506 2166 Circulorum
1523 2130 1832 2167 maximorum.

183 2184 226 2217 vt
248 2181 294 2217 in
316 2179 406 2227 ipsa
428 2180 723 2219 delineatione
747 2181 894 2219 videre
919 2181 985 2219 est.
1011 2181 1290 2229 Quapropter
1313 2183 1504 2229 primum
1529 2183 1573 2218 in
1595 2181 1833 2228 Triangulo

113 2245 146 2271 35
184 2232 324 2278 BAC,
348 2235 453 2281 quia
473 2234 601 2273 datur
622 2235 756 2273 Latus
778 2235 860 2272 BA
882 2246 934 2272 ex
956 2235 1295 2282 Complemento
1317 2235 1636 2272 Declinationis
1659 2234 1834 2271 Lucidae

184 2285 432 2331 Cathedrae,
458 2287 501 2325 P.
526 2288 588 2326 33.
615 2287 639 2336 l.
664 2289 730 2327 lli.
758 2288 843 2326 AC
869 2300 973 2326 vero
999 2300 1074 2335 per
1101 2288 1489 2335 Complementum
1516 2288 1834 2325 Declinationis

184 2338 332 2378 Nouae
348 2339 506 2385 Stellae,
528 2342 907 2389 quemadmodum
928 2343 954 2379 a
975 2342 1100 2380 nobis
1122 2348 1292 2389 reperta
1313 2348 1418 2389 part.
1437 2342 1498 2379 28.
1516 2343 1620 2378 min.
1639 2341 1678 2378 13
1696 2340 1833 2378 obser-

184 2393 346 2438 uando,
363 2393 401 2432 &
417 2397 593 2433 tertium
606 2407 783 2443 quoque
796 2395 929 2433 Latus
942 2395 1034 2437 CB,
1052 2407 1104 2432 ex
1122 2395 1320 2433 distantia
1333 2395 1565 2433 Stellarum
1578 2395 1632 2432 ad
1645 2396 1833 2432 inuicem

185 2445 276 2485 P.5.
290 2444 316 2495 l.
329 2447 382 2486 19.
400 2447 514 2486 Dico
531 2449 649 2496 quod
666 2451 847 2497 cognitis
864 2449 932 2486 his
948 2448 1083 2486 tribus
1097 2449 1323 2486 Lateribus
1340 2460 1430 2486 non
1447 2448 1620 2486 deliteat
1633 2447 1833 2495 Angulus

114 2511 148 2537 40
185 2499 313 2538 BAC
333 2506 440 2548 part.
458 2501 493 2539 3.
513 2500 538 2549 l.
556 2502 606 2539 42
623 2501 724 2545 fere,
747 2504 821 2549 qui
844 2502 1136 2540 differentiam
1154 2501 1506 2539 Ascensionalem
1528 2500 1833 2590 NouaeLStelliae

292 2562 326 2586 «ε
1630 2566 1653 2590 a
1709 2565 1775 2590 uci
1809 2566 1832 2589 a
