2243 3225
439 219 507 256 174
815 213 1268 253 ASTRONOMIAE
1290 211 1712 250 INSTAURATAE

1226 318 1297 356 III.

438 385 514 422 EX
532 381 1075 422 OBSERUATIONIBUS
1091 380 1268 418 ANNO
1288 380 1395 423 1582,
1415 379 1515 417 DIE
1535 379 1750 418 EODEM
1767 380 2084 419 VIDELICET

531 446 554 483 5
577 444 799 489 MARTIJ,
823 443 860 481 &
881 443 1058 481 ANNO
1079 443 1186 486 1585,
1208 442 1309 479 DIE
1330 442 1371 480 15
1393 441 1750 480 SEPTEMBRIS
1771 442 1989 487 FACTIS,

706 506 860 543 IDEM
883 504 1159 549 EXPERIRI,
1181 505 1244 542 IN
1265 503 1636 542 ALTITUDINE
1657 504 1817 542 SOLIS

966 566 1309 613 VTROBIQUE
1330 565 1491 604 PART.
1513 566 1550 604 8.
2121 580 2137 605 5

513 639 645 677 NNO
667 639 773 681 1582,
795 638 879 676 Die
896 639 919 676 5
936 638 1084 686 Martij
1099 638 1142 675 P.
1160 638 1223 675 M.
1241 637 1351 675 Hor.
1368 638 1405 675 4.
1423 637 1486 675 M.
1504 637 1566 681 52,
1589 636 1915 675 Obseruabatur
1930 637 2083 676 distan-

552 694 610 730 tia
633 694 744 729 inter
764 691 876 729 Solis
900 696 1098 729 centrum
1119 691 1157 728 8(
1177 691 1395 729 Venerem
1418 702 1495 738 per
1515 690 1768 729 Sextantem
1787 690 2082 738 Trigonicum,

436 746 478 783 Ρ.
496 746 557 784 45.
577 744 601 793 Ι.
619 745 704 787 53¹2,
727 745 764 782 8(
784 756 873 782 vna
893 756 970 792 per
985 744 1195 782 Armillas
1213 746 1396 782 inuenta
1414 743 1469 782 est
1486 744 1735 782 Declinatio
1751 744 1947 787 Veneris,
1968 744 2011 782 P.
2028 744 2082 783 18.

438 798 462 847 Ι.
480 800 521 836 14
536 799 688 836 Borea.
711 798 895 845 Fuitque
911 803 1014 835 tunc
1030 797 1229 836 Altitudo
1246 797 1358 836 Solis
1375 797 1417 835 P.
1434 797 1470 835 8.
1489 796 1527 835 &
1543 797 1727 835 Veneris
1742 797 1794 835 46
1809 803 1917 845 part.
1935 797 2000 835 Ex
2015 797 2083 836 his

436 853 558 896 datis,
580 853 840 899 cognitoque
861 851 958 888 loco
983 852 1026 895 Θ
1050 853 1172 889 iuxta
1192 853 1416 898 propriam
1437 852 1482 888 in
1502 856 1626 888 motu
1646 852 1740 888 eius
1759 850 2082 895 restitutionem,
2124 864 2153 889 ιο

436 905 742 942 Ascenfionem
762 908 788 947 Q
808 903 995 948 Rediam,
1017 904 1141 942 nulla
1156 904 1306 942 habita
1322 906 1491 942 ratione
1508 903 1806 942 Parallaxium
1822 910 1898 942 aut
1914 903 2083 943 Refrac-

435 961 618 1001 tionum,
630 960 675 995 in
687 957 817 1001 hunc,
831 959 906 1004 qui
917 957 1108 1005 sequitur
1119 958 1314 1001 modum,
1326 957 1645 1004 inquifiuimus.
1663 957 1805 995 Locus
1817 957 1930 996 Solis
1940 969 2083 1002 verus,

435 1018 540 1059 part.
554 1011 616 1049 24.
636 1010 661 1058 Ι.
672 1011 734 1049 50.
754 1009 796 1058 ΙΙ.
807 1011 858 1049 28
877 1013 913 1055 )(
925 1042 932 1053 .
945 1010 1147 1049 Ascenfio
1159 1010 1289 1050 Recfta
1304 1010 1438 1049 huius
1449 1022 1507 1059 gr.
1518 1010 1607 1049 355.
1621 1009 1647 1058 Ι.
1659 1011 1712 1049 16.
1726 1009 1816 1058 ΙΙ.8.
1834 1010 2083 1050 Declinatio

435 1064 625 1102 eiusdem
646 1070 752 1112 part.
770 1064 805 1102 2.
825 1063 850 1112 Ι.
867 1064 903 1102 3.
923 1062 966 1112 ΙΙ.
983 1064 1034 1103 27
1055 1064 1214 1103 Merid.
1236 1066 1387 1102 omnia
1409 1076 1462 1102 ex
1482 1063 1714 1102 verificatis
1735 1064 1887 1102 nostris
1902 1064 2083 1103 Tabulis

434 1119 672 1165 depromta.
691 1117 879 1165 Cognita
894 1119 1041 1165 itaque
1058 1120 1147 1156 iam
1159 1118 1467 1156 Declinatione
1478 1117 1698 1165 Vtriusque
1712 1117 1825 1156 Solis
1837 1117 1875 1155 &
1886 1117 2082 1162 Veneris,
2123 1131 2153 1156 15

434 1171 471 1208 &
488 1171 686 1209 distantia
702 1172 757 1209 ad
773 1173 978 1215 inuicem,
995 1171 1241 1210 differentia
1256 1171 1530 1209 Ascenfionis
1546 1170 1688 1210 Rediae
1704 1171 1758 1209 fic
1774 1173 1975 1209 innotuit.

1019 1225 1288 1273 Intelligatur
1303 1227 1349 1262 in
1364 1227 1567 1272 proxima
1582 1224 1787 1272 sequente
1804 1224 2082 1272 Figuratione

965 1279 1005 1315 A
1017 1278 1149 1316 Polus
1160 1278 1427 1326 AEquatoris‚
1445 1280 1570 1316 cuius
1585 1280 1834 1326 portionem
1850 1277 2082 1326 repraesen-

964 1337 1024 1369 tat
1036 1332 1128 1375 DE,
1146 1332 1180 1370 B
1196 1334 1255 1376 Θ,
1273 1331 1309 1370 C
1325 1335 1366 1375 Q,
1383 1331 1660 1370 manifestum
1672 1331 1727 1369 est
1739 1343 1853 1380 ergo,
1868 1331 1987 1379 quod
1999 1331 2082 1370 CD

965 1385 1011 1423 fit
1027 1382 1311 1435 De-ssclinatio
1327 1385 1523 1423 Veneris.
1543 1385 1619 1423 BE
1636 1385 1806 1423 Declin.
1827 1386 1886 1430 Θ,
1908 1391 1948 1423 et
1964 1385 2082 1433 quod
2109 1391 2169 1423 170

965 1439 1167 1487 Angulus
1193 1438 1320 1477 ΒΑΕ
1346 1439 1565 1486 Vtriusque
1595 1438 1887 1476 differentiam
1912 1438 2081 1477 Ascens.

965 1492 1194 1530 mensuret.
1212 1492 1478 1540 Triangulus
1492 1494 1639 1539 itaque
1654 1491 1773 1530 BAC
1787 1491 1919 1530 habet
1930 1494 2082 1531 omnia

966 1546 1122 1584 Latera
1143 1546 1255 1584 data.
1281 1546 1400 1584 Nam
1420 1546 1554 1584 Latus
1575 1545 1657 1583 BA
1674 1545 1729 1583 en
1745 1545 1787 1583 P.
1804 1545 1867 1584 92.
1886 1544 1911 1593 Ι.
1929 1545 1987 1595 3ἑ,
2008 1545 2081 1584 ad-

965 1599 1054 1637 dita
1069 1601 1111 1643 Q]
1127 1599 1248 1637 Decl.
1262 1600 1318 1637 ad
1330 1599 1632 1647 quadrantem.
1649 1599 1842 1642 Lat.CA‚
1857 1598 1900 1636 Ρ.
1912 1599 1966 1637 71.
1980 1597 2006 1646 Ι.
2018 1598 2081 1642 46,

966 1652 1139 1700 Compl.
1162 1652 1282 1691 Decl.
1304 1656 1345 1695 Q.
1367 1652 1460 1695 BC,
1481 1652 1524 1690 P.
1541 1653 1603 1691 45.
1627 1650 1652 1699 Ι.
1669 1652 1755 1695 535,
1776 1652 1866 1700 ipsa
1886 1651 2083 1691 distantia
2119 1664 2151 1690 25

966 1708 1078 1744 inter
1093 1708 1136 1751 G)
1152 1706 1190 1743 8(
1200 1707 1418 1744 Venerem
1431 1706 1670 1744 obseruata.
1684 1706 1809 1744 Vnde
1821 1717 1898 1753 per
1908 1705 2081 1754 Triang.

459 1772 498 1813 C
966 1759 1173 1807 Sphaeric.
1191 1759 1434 1798 doetrinam
1453 1759 1613 1797 constat
1629 1759 1788 1807 Angul.
1806 1759 1947 1802 ΒΑΕ,
1969 1759 2012 1797 Ρ.
2028 1759 2081 1797 41.

968 1811 979 1860 Ι
986 1844 992 1850 .
1005 1813 1067 1851 49.
1082 1811 1094 1860 Ι
1100 1811 1125 1860 Ι.
1138 1813 1201 1855 50,
1219 1813 1433 1851 Distantia
1444 1813 1706 1860 AEquatoria
1725 1814 1769 1857 Θ
1789 1812 1827 1850 8(
1846 1815 1873 1855 Ω
1892 1812 2082 1860 quaefita.

966 1878 1067 1914 quae
1088 1865 1255 1905 adieeta
1276 1866 1370 1904 Asc.
1389 1866 1433 1904 R.
1455 1868 1513 1911 Θ,
1536 1866 1735 1914 producit
1755 1865 1850 1904 Asc.
1872 1864 1984 1905 Rea.
2000 1865 2082 1904 Ve—

441 1962 498 2008 D
967 1922 1082 1957 neris
1099 1920 1141 1957 P.
1159 1920 1221 1958 37.
1241 1918 1265 1967 Ι.
1283 1921 1319 1958 5.
1338 1918 1381 1967 ΙΙ.
1399 1920 1461 1958 58.
2119 1930 2152 1956 3ο

872 1978 922 2029 E
1020 1973 1104 2011 Die
1119 1973 1275 2011 eodem
1290 1973 1348 2011 H.
1362 1974 1397 2011 7.
1411 1973 1474 2011 M.
1488 1973 1540 2011 12.
1554 1973 1595 2011 Ρ.
1609 1973 1672 2011 M.
1685 1975 1796 2011 inter
1811 1976 1837 2016 Q
1853 1972 1891 2011 &
1904 1972 2083 2011 Calcem

767 1998 864 2058 Ἷ
966 2027 1087 2073 pedis
1106 2030 1139 2069 Π
1157 2026 1464 2065 animaduersa
1481 2026 1535 2064 est
1552 2026 1748 2065 distantia
1765 2032 1871 2074 part.
1883 2026 1946 2065 48.
1961 2025 1986 2074 Ι.
1999 2025 2082 2066 523.

869 2054 906 2110 Β
968 2080 1088 2118 Decl.
1113 2084 1139 2123 Q
1164 2080 1205 2118 P.
1220 2080 1272 2118 18.
1292 2079 1316 2127 Ι.
1331 2081 1372 2118 16
1389 2080 1487 2118 Bor.
1505 2081 1661 2118 eodem
1672 2079 1890 2127 Tempore
1907 2091 1983 2127 per
1999 2078 2082 2118 obs.

434 2135 615 2180 cognita.
635 2132 718 2170 Alt.
734 2144 838 2170 vero
855 2138 957 2170 tunc
975 2134 1160 2171 obtinuit
1180 2137 1207 2176 Q
1226 2134 1267 2171 P.
1281 2134 1343 2172 28.
1362 2133 1531 2171 Declin.
1550 2133 1695 2172 Calcis
1711 2133 1833 2181 pedis
1849 2136 1882 2177 Π
1899 2133 1954 2171 est
1965 2133 2007 2171 P.
2020 2132 2082 2171 22.

435 2184 459 2231 Ι.
477 2186 545 2224 381-
571 2186 668 2223 Bor.
686 2186 800 2223 vnde
822 2186 1040 2233 Vtriusque
1062 2186 1149 2224 diff.
1167 2187 1260 2224 Asc.
1280 2185 1421 2224 Reetae
1443 2198 1533 2224 non
1555 2187 1690 2225 latuit.
1713 2187 1832 2225 Nam
1853 2189 1898 2224 in
1919 2186 2002 2225 hae
2018 2185 2082 2224 Fi·
2119 2197 2150 2223 55

433 2251 540 2286 gura
563 2241 607 2276 in
632 2251 718 2286 qua
743 2239 776 2276 B
799 2243 839 2281 Q.
865 2240 900 2278 C
923 2239 1103 2277 Calcem
1127 2240 1249 2287 pedis
1273 2240 1562 2288 repraesentat.
1587 2252 1687 2278 cum
1706 2240 1932 2288 Trianguli
1956 2238 2082 2278 ΒΑΕ

434 2294 583 2329 omnia
602 2292 757 2330 Latera
774 2292 850 2329 sint
868 2293 981 2334 data.
1000 2293 1094 2334 ΒΑ,
1112 2293 1153 2330 P.
1172 2295 1224 2331 71.
1244 2293 1268 2340 Ι.
1286 2295 1349 2335 44,
1368 2293 1614 2341 Complem.
1633 2293 1754 2331 Decl.
1772 2293 1967 2331 Veneris.
1985 2292 2081 2334 CA.

435 2345 475 2382 P.
493 2346 554 2383 67.
574 2344 598 2391 Ι.
616 2345 692 2386 212.
715 2346 960 2393 Complem.
984 2346 1104 2383 Decl.
1123 2346 1241 2384 Calc.
1264 2347 1386 2393 pedis
1408 2350 1459 2389 Π.
1483 2347 1574 2388 BC,
1597 2347 1638 2384 P.
1656 2347 1718 2385 48.
1738 2346 1762 2393 Ι.
1780 2347 1865 2389 523.
1887 2346 2082 2385 distantia

434 2398 663 2445 Vtriusque.
682 2398 760 2435 Per
772 2398 1106 2446 Triangularem
1123 2399 1335 2446 supputat.
1352 2400 1511 2438 constat
1525 2400 1683 2448 Angul.
1703 2400 1842 2443 ΒΑΕ,
1860 2400 1902 2438 P.
1915 2399 1977 2438 52.
1991 2398 2016 2446 Ι.
2030 2398 2081 2437 13.

436 2450 478 2497 ΙΙ.
502 2452 538 2492 Ο,
563 2454 636 2498 qui
662 2453 827 2489 Arcum
851 2452 1026 2499 AEquat.
1052 2455 1161 2490 inter
1187 2457 1213 2494 Q
1240 2453 1276 2490 8(
1302 2453 1482 2491 Calcem
1515 2456 1545 2495 ΙΙ
1579 2456 1765 2491 metitur.
1797 2452 2082 2491 Interuallum
2118 2462 2150 2488 ιο

434 2504 662 2551 Temporis
684 2505 1046 2542 Obseruationem
1069 2510 1094 2546 Q
1117 2518 1141 2543 a
1163 2508 1205 2549 Θ
1229 2505 1264 2543 8(
1287 2507 1418 2543 huius
1441 2518 1618 2553 quoque
1640 2519 1665 2544 3
1687 2506 1820 2545 Calce
1847 2509 1878 2549 Π
1904 2509 2081 2544 interce-

1962 2559 2080 2600 dens.
