<?xml version="1.0" encoding="UTF-8"?>
<!DOCTYPE html PUBLIC "-//W3C//DTD XHTML 1.0 Transitional//EN"
    "http://www.w3.org/TR/xhtml1/DTD/xhtml1-transitional.dtd">
<html xmlns="http://www.w3.org/1999/xhtml" xml:lang="en" lang="en">
 <head>
  <title>
</title>
<meta http-equiv="Content-Type" content="text/html;charset=utf-8" />
  <meta name='ocr-system' content='tesseract 3.04.00' />
  <meta name='ocr-capabilities' content='ocr_page ocr_carea ocr_par ocr_line ocrx_word'/>
</head>
<body>
  <div class='ocr_page' id='page_1' title='image "./operaomniaedidit02brahuoft_0016.png"; bbox 0 0 2326 3277; ppageno 0'>
   <div class='ocr_carea' id='block_1_1' title="bbox 410 234 1679 283">
    <p class='ocr_par' dir='ltr' id='par_1_1' title="bbox 410 234 1679 283">
     <span class='ocr_line' id='line_1_1' title="bbox 410 234 1679 283; baseline -0.008 0"><span class='ocrx_word' id='word_1_1' title='bbox 410 245 433 283; x_wconf 83' lang='lat'>6</span> <span class='ocrx_word' id='word_1_2' title='bbox 781 235 1235 279; x_wconf 86' lang='lat' dir='ltr'>ASTRONOMIAE</span> <span class='ocrx_word' id='word_1_3' title='bbox 1255 234 1679 275; x_wconf 83' lang='lat' dir='ltr'>INSTAURATAE</span> 
     </span>
    </p>
   </div>
   <div class='ocr_carea' id='block_1_2' title="bbox 409 338 2123 392">
    <p class='ocr_par' dir='ltr' id='par_1_2' title="bbox 409 338 2123 392">
     <span class='ocr_line' id='line_1_2' title="bbox 409 338 2123 392; baseline -0.006 -4"><span class='ocrx_word' id='word_1_4' title='bbox 409 352 498 388; x_wconf 86' lang='lat' dir='ltr'>euri</span> <span class='ocrx_word' id='word_1_5' title='bbox 518 348 673 386; x_wconf 86' lang='lat' dir='ltr'>similes</span> <span class='ocrx_word' id='word_1_6' title='bbox 694 346 881 389; x_wconf 79' lang='lat' dir='ltr'>defuere,</span> <span class='ocrx_word' id='word_1_7' title='bbox 903 347 978 392; x_wconf 83' lang='lat' dir='ltr'>qui</span> <span class='ocrx_word' id='word_1_8' title='bbox 998 343 1244 391; x_wconf 78' lang='lat' dir='ltr'>disciplinas</span> <span class='ocrx_word' id='word_1_9' title='bbox 1259 338 1637 391; x_wconf 67' lang='lat' dir='ltr'>Mathema-flticas</span> <span class='ocrx_word' id='word_1_10' title='bbox 1655 346 1704 378; x_wconf 91' lang='lat' dir='ltr'>ut</span> <span class='ocrx_word' id='word_1_11' title='bbox 1720 342 1882 379; x_wconf 89' lang='lat' dir='ltr'>inertes</span> <span class='ocrx_word' id='word_1_12' title='bbox 1896 339 2051 379; x_wconf 80' lang='lat' dir='ltr'>faffidi-</span> <span class='ocrx_word' id='word_1_13' title='bbox 2083 347 2123 379; x_wconf 71' lang='lat'>3¹</span> 
     </span>
    </p>
   </div>
   <div class='ocr_carea' id='block_1_3' title="bbox 408 392 2052 447">
    <p class='ocr_par' dir='ltr' id='par_1_3' title="bbox 408 392 2052 447">
     <span class='ocr_line' id='line_1_3' title="bbox 408 392 2052 447; baseline -0.005 -7"><span class='ocrx_word' id='word_1_14' title='bbox 408 411 513 444; x_wconf 79' lang='lat' dir='ltr'>rent,</span> <span class='ocrx_word' id='word_1_15' title='bbox 531 410 771 447; x_wconf 89' lang='lat' dir='ltr'>eorumque</span> <span class='ocrx_word' id='word_1_16' title='bbox 787 398 969 447; x_wconf 77' lang='lat' dir='ltr'>proinde</span> <span class='ocrx_word' id='word_1_17' title='bbox 986 397 1173 436; x_wconf 91' lang='lat' dir='ltr'>cultores</span> <span class='ocrx_word' id='word_1_18' title='bbox 1190 396 1292 434; x_wconf 86' lang='lat' dir='ltr'>odio</span> <span class='ocrx_word' id='word_1_19' title='bbox 1307 395 1406 444; x_wconf 84' lang='lat' dir='ltr'>plus</span> <span class='ocrx_word' id='word_1_20' title='bbox 1422 406 1557 443; x_wconf 86' lang='lat' dir='ltr'>quam</span> <span class='ocrx_word' id='word_1_21' title='bbox 1568 393 1807 433; x_wconf 85' lang='lat' dir='ltr'>Barbarieo</span> <span class='ocrx_word' id='word_1_22' title='bbox 1820 392 2052 442; x_wconf 82' lang='lat' dir='ltr'>proseque-</span> 
     </span>
    </p>
   </div>
   <div class='ocr_carea' id='block_1_4' title="bbox 407 463 2053 548">
    <p class='ocr_par' dir='ltr' id='par_1_4' title="bbox 407 463 2053 548">
     <span class='ocr_line' id='line_1_4' title="bbox 407 463 2053 548; baseline -0.002 -6"><span class='ocrx_word' id='word_1_23' title='bbox 407 463 622 545; x_wconf 37' lang='lat' dir='ltr'>ret&#39;ssstessum</span> <span class='ocrx_word' id='word_1_24' title='bbox 635 508 876 547; x_wconf 83' lang='lat' dir='ltr'>enimvero,</span> <span class='ocrx_word' id='word_1_25' title='bbox 889 501 1232 542; x_wconf 87' lang='lat' dir='ltr'>IMPERATOR</span> <span class='ocrx_word' id='word_1_26' title='bbox 1243 499 1685 545; x_wconf 81' lang='lat' dir='ltr'>AVGVSTISSIME‚</span> <span class='ocrx_word' id='word_1_27' title='bbox 1694 499 2053 548; x_wconf 74' lang='lat' dir='ltr'>MaiestatisTuae</span> 
     </span>
    </p>
   </div>
   <div class='ocr_carea' id='block_1_5' title="bbox 406 552 2107 603">
    <p class='ocr_par' dir='ltr' id='par_1_5' title="bbox 406 552 2107 603">
     <span class='ocr_line' id='line_1_5' title="bbox 406 552 2107 603; baseline -0.005 -5"><span class='ocrx_word' id='word_1_28' title='bbox 406 560 667 599; x_wconf 81' lang='lat' dir='ltr'>authoritate</span> <span class='ocrx_word' id='word_1_29' title='bbox 691 558 893 597; x_wconf 78' lang='lat' dir='ltr'>Caesarea</span> <span class='ocrx_word' id='word_1_30' title='bbox 915 556 1087 601; x_wconf 79' lang='lat' dir='ltr'>suffulti,</span> <span class='ocrx_word' id='word_1_31' title='bbox 1112 567 1212 603; x_wconf 80' lang='lat' dir='ltr'>quae</span> <span class='ocrx_word' id='word_1_32' title='bbox 1234 558 1281 594; x_wconf 94' lang='lat' dir='ltr'>in</span> <span class='ocrx_word' id='word_1_33' title='bbox 1302 555 1505 603; x_wconf 88' lang='lat' dir='ltr'>supremo</span> <span class='ocrx_word' id='word_1_34' title='bbox 1528 554 1746 602; x_wconf 71' lang='lat' dir='ltr'><strong>dignitatis</strong></span> <span class='ocrx_word' id='word_1_35' title='bbox 1765 552 1930 602; x_wconf 74' lang='lat' dir='ltr'>fastigio</span> <span class='ocrx_word' id='word_1_36' title='bbox 1949 564 2052 592; x_wconf 85' lang='lat' dir='ltr'>con-</span> <span class='ocrx_word' id='word_1_37' title='bbox 2089 561 2107 588; x_wconf 79' lang='lat'>⁵</span> 
     </span>
    </p>
   </div>
   <div class='ocr_carea' id='block_1_6' title="bbox 370 605 2055 820">
    <p class='ocr_par' dir='ltr' id='par_1_6' title="bbox 370 605 2055 820">
     <span class='ocr_line' id='line_1_6' title="bbox 406 605 2053 660; baseline -0.004 -9"><span class='ocrx_word' id='word_1_38' title='bbox 406 613 556 655; x_wconf 80' lang='lat' dir='ltr'>fututa,</span> <span class='ocrx_word' id='word_1_39' title='bbox 578 613 704 660; x_wconf 86' lang='lat' dir='ltr'>longe</span> <span class='ocrx_word' id='word_1_40' title='bbox 721 611 848 659; x_wconf 89' lang='lat' dir='ltr'>supra</span> <span class='ocrx_word' id='word_1_41' title='bbox 864 611 1056 658; x_wconf 91' lang='lat' dir='ltr'>reliquos</span> <span class='ocrx_word' id='word_1_42' title='bbox 1072 608 1279 647; x_wconf 79' lang='lat' dir='ltr'>mortales</span> <span class='ocrx_word' id='word_1_43' title='bbox 1295 614 1425 656; x_wconf 90' lang='lat' dir='ltr'>caput</span> <span class='ocrx_word' id='word_1_44' title='bbox 1441 607 1605 652; x_wconf 83' lang='lat' dir='ltr'>extulit,</span> <span class='ocrx_word' id='word_1_45' title='bbox 1626 608 1763 655; x_wconf 84' lang='lat' dir='ltr'>inepti</span> <span class='ocrx_word' id='word_1_46' title='bbox 1776 606 1922 652; x_wconf 85' lang='lat' dir='ltr'>fimus,</span> <span class='ocrx_word' id='word_1_47' title='bbox 1941 605 1973 645; x_wconf 87' lang='lat' dir='ltr'>fi</span> <span class='ocrx_word' id='word_1_48' title='bbox 1989 605 2053 645; x_wconf 91' lang='lat' dir='ltr'>bi-</span> 
     </span>
     <span class='ocr_line' id='line_1_7' title="bbox 370 659 2055 714; baseline -0.004 -10"><span class='ocrx_word' id='word_1_49' title='bbox 370 680 373 681; x_wconf 59' lang='grc'>’</span> <span class='ocrx_word' id='word_1_50' title='bbox 405 667 567 714; x_wconf 90' lang='lat' dir='ltr'>pedum</span> <span class='ocrx_word' id='word_1_51' title='bbox 585 665 845 713; x_wconf 85' lang='lat' dir='ltr'>ejuscemodi</span> <span class='ocrx_word' id='word_1_52' title='bbox 866 666 1082 702; x_wconf 87' lang='lat' dir='ltr'>rationem</span> <span class='ocrx_word' id='word_1_53' title='bbox 1102 662 1359 701; x_wconf 83' lang='lat' dir='ltr'>habeamus.</span> <span class='ocrx_word' id='word_1_54' title='bbox 1381 661 1504 708; x_wconf 87' lang='lat' dir='ltr'>Quin</span> <span class='ocrx_word' id='word_1_55' title='bbox 1521 662 1668 709; x_wconf 86' lang='lat' dir='ltr'>potius</span> <span class='ocrx_word' id='word_1_56' title='bbox 1687 659 1799 698; x_wconf 88' lang='lat' dir='ltr'>haut</span> <span class='ocrx_word' id='word_1_57' title='bbox 1811 662 1946 698; x_wconf 83' lang='lat' dir='ltr'>unius</span> <span class='ocrx_word' id='word_1_58' title='bbox 1959 659 2055 699; x_wconf 81' lang='lat' dir='ltr'>aBis</span> 
     </span>
     <span class='ocr_line' id='line_1_8' title="bbox 405 712 2054 763; baseline -0.004 -6"><span class='ocrx_word' id='word_1_59' title='bbox 405 727 494 758; x_wconf 88' lang='lat' dir='ltr'>tam</span> <span class='ocrx_word' id='word_1_60' title='bbox 510 718 653 756; x_wconf 84' lang='lat' dir='ltr'>futiles</span> <span class='ocrx_word' id='word_1_61' title='bbox 669 717 871 756; x_wconf 82' lang='lat' dir='ltr'>censuras</span> <span class='ocrx_word' id='word_1_62' title='bbox 887 717 1162 760; x_wconf 68' lang='lat' dir='ltr'>aestimamus,</span> <span class='ocrx_word' id='word_1_63' title='bbox 1179 723 1310 763; x_wconf 88' lang='lat' dir='ltr'>atque</span> <span class='ocrx_word' id='word_1_64' title='bbox 1326 714 1425 763; x_wconf 87' lang='lat' dir='ltr'>ipfis</span> <span class='ocrx_word' id='word_1_65' title='bbox 1439 716 1663 763; x_wconf 87' lang='lat' dir='ltr'>majomm</span> <span class='ocrx_word' id='word_1_66' title='bbox 1677 712 2054 762; x_wconf 71' lang='lat' dir='ltr'>MajestatisTuae,</span> 
     </span>
     <span class='ocr_line' id='line_1_9' title="bbox 405 765 2053 820; baseline -0.004 -10"><span class='ocrx_word' id='word_1_67' title='bbox 405 771 618 820; x_wconf 82' lang='lat' dir='ltr'>Alphonfi</span> <span class='ocrx_word' id='word_1_68' title='bbox 640 773 921 819; x_wconf 82' lang='lat' dir='ltr'>Arragonum</span> <span class='ocrx_word' id='word_1_69' title='bbox 945 770 982 808; x_wconf 86' lang='lat'>&amp;</span> <span class='ocrx_word' id='word_1_70' title='bbox 1006 769 1204 808; x_wconf 84' lang='lat' dir='ltr'>Castellae</span> <span class='ocrx_word' id='word_1_71' title='bbox 1227 769 1365 817; x_wconf 83' lang='lat' dir='ltr'>Regis,</span> <span class='ocrx_word' id='word_1_72' title='bbox 1390 768 1560 807; x_wconf 87' lang='lat' dir='ltr'>Alberti</span> <span class='ocrx_word' id='word_1_73' title='bbox 1581 766 1796 805; x_wconf 79' lang='lat' dir='ltr'>Austriaci</span> <span class='ocrx_word' id='word_1_74' title='bbox 1814 765 2053 814; x_wconf 58' lang='lat' dir='ltr'>uttiuQue,</span> 
     </span>
    </p>
   </div>
   <div class='ocr_carea' id='block_1_7' title="bbox 406 818 2127 871">
    <p class='ocr_par' dir='ltr' id='par_1_7' title="bbox 406 818 2127 871">
     <span class='ocr_line' id='line_1_10' title="bbox 406 818 2127 871; baseline -0.004 -8"><span class='ocrx_word' id='word_1_75' title='bbox 406 825 632 868; x_wconf 83' lang='lat' dir='ltr'>Frederici,</span> <span class='ocrx_word' id='word_1_76' title='bbox 654 824 804 863; x_wconf 88' lang='lat' dir='ltr'>Caroli</span> <span class='ocrx_word' id='word_1_77' title='bbox 820 824 870 861; x_wconf 90' lang='lat' dir='ltr'>V.</span> <span class='ocrx_word' id='word_1_78' title='bbox 888 824 926 862; x_wconf 87' lang='lat'>&amp;</span> <span class='ocrx_word' id='word_1_79' title='bbox 941 823 1158 867; x_wconf 83' lang='lat' dir='ltr'>similium,</span> <span class='ocrx_word' id='word_1_80' title='bbox 1179 822 1313 871; x_wconf 87' lang='lat' dir='ltr'>Regio</span> <span class='ocrx_word' id='word_1_81' title='bbox 1332 821 1436 860; x_wconf 89' lang='lat' dir='ltr'>huic</span> <span class='ocrx_word' id='word_1_82' title='bbox 1455 821 1593 860; x_wconf 86' lang='lat' dir='ltr'>studio</span> <span class='ocrx_word' id='word_1_83' title='bbox 1610 820 1889 868; x_wconf 84' lang='lat' dir='ltr'>summopere</span> <span class='ocrx_word' id='word_1_84' title='bbox 1902 818 2053 859; x_wconf 81' lang='lat' dir='ltr'>faven—</span> <span class='ocrx_word' id='word_1_85' title='bbox 2092 828 2127 855; x_wconf 81' lang='grc' dir='ltr'>ιο</span> 
     </span>
    </p>
   </div>
   <div class='ocr_carea' id='block_1_8' title="bbox 398 872 2057 1510">
    <p class='ocr_par' dir='ltr' id='par_1_8' title="bbox 398 872 2057 1510">
     <span class='ocr_line' id='line_1_11' title="bbox 405 872 2056 925; baseline -0.003 -9"><span class='ocrx_word' id='word_1_86' title='bbox 405 881 526 921; x_wconf 89' lang='lat' dir='ltr'>tium,</span> <span class='ocrx_word' id='word_1_87' title='bbox 548 889 790 925; x_wconf 91' lang='lat' dir='ltr'>eorumque</span> <span class='ocrx_word' id='word_1_88' title='bbox 811 877 998 915; x_wconf 88' lang='lat' dir='ltr'>cultores</span> <span class='ocrx_word' id='word_1_89' title='bbox 1018 876 1212 914; x_wconf 83' lang='lat' dir='ltr'>strenuos</span> <span class='ocrx_word' id='word_1_90' title='bbox 1229 874 1438 914; x_wconf 89' lang='lat' dir='ltr'>munifice</span> <span class='ocrx_word' id='word_1_91' title='bbox 1454 875 1836 913; x_wconf 70' lang='lat' dir='ltr'>remunerandum</span> <span class='ocrx_word' id='word_1_92' title='bbox 1849 872 2056 922; x_wconf 85' lang='lat' dir='ltr'>exempla</span> 
     </span>
     <span class='ocr_line' id='line_1_12' title="bbox 406 926 2055 979; baseline -0.002 -10"><span class='ocrx_word' id='word_1_93' title='bbox 406 932 460 969; x_wconf 92' lang='lat' dir='ltr'>ob</span> <span class='ocrx_word' id='word_1_94' title='bbox 477 931 628 969; x_wconf 90' lang='lat' dir='ltr'>oculos</span> <span class='ocrx_word' id='word_1_95' title='bbox 646 929 879 979; x_wconf 80' lang='lat' dir='ltr'>ponimus?</span> <span class='ocrx_word' id='word_1_96' title='bbox 900 930 1072 968; x_wconf 79' lang='lat' dir='ltr'>Etenim</span> <span class='ocrx_word' id='word_1_97' title='bbox 1088 929 1193 977; x_wconf 92' lang='lat' dir='ltr'>quid</span> <span class='ocrx_word' id='word_1_98' title='bbox 1208 928 1437 977; x_wconf 84' lang='lat' dir='ltr'>Alphonso</span> <span class='ocrx_word' id='word_1_99' title='bbox 1454 928 1568 976; x_wconf 88' lang='lat' dir='ltr'>Rege</span> <span class='ocrx_word' id='word_1_100' title='bbox 1589 927 1653 974; x_wconf 91' lang='lat' dir='ltr'>(ut</span> <span class='ocrx_word' id='word_1_101' title='bbox 1668 938 1812 966; x_wconf 91' lang='lat' dir='ltr'>unum</span> <span class='ocrx_word' id='word_1_102' title='bbox 1828 937 1923 975; x_wconf 85' lang='lat' dir='ltr'>prae</span> <span class='ocrx_word' id='word_1_103' title='bbox 1941 926 2055 966; x_wconf 86' lang='lat' dir='ltr'>mul-</span> 
     </span>
     <span class='ocr_line' id='line_1_13' title="bbox 405 979 2056 1031; baseline -0.002 -9"><span class='ocrx_word' id='word_1_104' title='bbox 405 987 457 1022; x_wconf 89' lang='lat' dir='ltr'>tis</span> <span class='ocrx_word' id='word_1_105' title='bbox 479 986 524 1022; x_wconf 91' lang='lat' dir='ltr'>in</span> <span class='ocrx_word' id='word_1_106' title='bbox 546 985 742 1022; x_wconf 89' lang='lat' dir='ltr'>medium</span> <span class='ocrx_word' id='word_1_107' title='bbox 765 984 998 1029; x_wconf 83' lang='lat' dir='ltr'>adducam)</span> <span class='ocrx_word' id='word_1_108' title='bbox 1024 982 1389 1031; x_wconf 87' lang='lat' dir='ltr'>magnificentius,</span> <span class='ocrx_word' id='word_1_109' title='bbox 1415 983 1491 1029; x_wconf 91' lang='lat' dir='ltr'>qui</span> <span class='ocrx_word' id='word_1_110' title='bbox 1512 984 1559 1019; x_wconf 92' lang='lat' dir='ltr'>in</span> <span class='ocrx_word' id='word_1_111' title='bbox 1581 980 1776 1020; x_wconf 80' lang='lat' dir='ltr'>Tabulas</span> <span class='ocrx_word' id='word_1_112' title='bbox 1798 979 2056 1020; x_wconf 75' lang='lat' dir='ltr'>Coelessium</span> 
     </span>
     <span class='ocr_line' id='line_1_14' title="bbox 405 1033 2056 1084; baseline -0.002 -9"><span class='ocrx_word' id='word_1_113' title='bbox 405 1044 606 1075; x_wconf 91' lang='lat' dir='ltr'>motuum</span> <span class='ocrx_word' id='word_1_114' title='bbox 620 1036 915 1084; x_wconf 85' lang='lat' dir='ltr'>Alphonsinas</span> <span class='ocrx_word' id='word_1_115' title='bbox 930 1036 1045 1074; x_wconf 86' lang='lat' dir='ltr'>ultra</span> <span class='ocrx_word' id='word_1_116' title='bbox 1061 1036 1380 1084; x_wconf 82' lang='lat' dir='ltr'>quadringenta</span> <span class='ocrx_word' id='word_1_117' title='bbox 1395 1035 1657 1074; x_wconf 87' lang='lat' dir='ltr'>ducatorum</span> <span class='ocrx_word' id='word_1_118' title='bbox 1672 1033 1826 1079; x_wconf 82' lang='lat' dir='ltr'>millia,</span> <span class='ocrx_word' id='word_1_119' title='bbox 1840 1033 2056 1073; x_wconf 81' lang='lat' dir='ltr'>laudabili</span> 
     </span>
     <span class='ocr_line' id='line_1_15' title="bbox 404 1085 2055 1138; baseline -0.001 -10"><span class='ocrx_word' id='word_1_120' title='bbox 404 1090 587 1138; x_wconf 84' lang='lat' dir='ltr'>aedepol,</span> <span class='ocrx_word' id='word_1_121' title='bbox 600 1090 638 1128; x_wconf 88' lang='lat'>&amp;</span> <span class='ocrx_word' id='word_1_122' title='bbox 650 1090 705 1128; x_wconf 94' lang='lat' dir='ltr'>ad</span> <span class='ocrx_word' id='word_1_123' title='bbox 718 1101 896 1128; x_wconf 90' lang='lat' dir='ltr'>omnem</span> <span class='ocrx_word' id='word_1_124' title='bbox 906 1089 1198 1127; x_wconf 78' lang='lat' dir='ltr'>Posteritatem</span> <span class='ocrx_word' id='word_1_125' title='bbox 1211 1088 1550 1137; x_wconf 79' lang='lat' dir='ltr'>depraedicanda</span> <span class='ocrx_word' id='word_1_126' title='bbox 1562 1087 1822 1126; x_wconf 84' lang='lat' dir='ltr'>liberalitate</span> <span class='ocrx_word' id='word_1_127' title='bbox 1833 1085 2055 1136; x_wconf 76' lang='lat' dir='ltr'>erogavit?</span> 
     </span>
     <span class='ocr_line' id='line_1_16' title="bbox 403 1140 2055 1191; baseline -0.001 -10"><span class='ocrx_word' id='word_1_128' title='bbox 403 1142 597 1181; x_wconf 74' lang='lat' dir='ltr'>Profec‘lo</span> <span class='ocrx_word' id='word_1_129' title='bbox 613 1143 741 1181; x_wconf 86' lang='lat' dir='ltr'>nostri</span> <span class='ocrx_word' id='word_1_130' title='bbox 757 1145 966 1191; x_wconf 88' lang='lat' dir='ltr'>temporis</span> <span class='ocrx_word' id='word_1_131' title='bbox 977 1142 1203 1190; x_wconf 84' lang='lat' dir='ltr'>Aristippis</span> <span class='ocrx_word' id='word_1_132' title='bbox 1218 1144 1265 1180; x_wconf 91' lang='lat' dir='ltr'>in</span> <span class='ocrx_word' id='word_1_133' title='bbox 1281 1153 1349 1180; x_wconf 88' lang='lat' dir='ltr'>res</span> <span class='ocrx_word' id='word_1_134' title='bbox 1364 1141 1559 1180; x_wconf 85' lang='lat' dir='ltr'>sordidas</span> <span class='ocrx_word' id='word_1_135' title='bbox 1571 1140 1610 1179; x_wconf 88' lang='lat'>&amp;</span> <span class='ocrx_word' id='word_1_136' title='bbox 1620 1141 1812 1180; x_wconf 86' lang='lat' dir='ltr'>ludicras</span> <span class='ocrx_word' id='word_1_137' title='bbox 1823 1140 1955 1190; x_wconf 85' lang='lat' dir='ltr'>longe</span> <span class='ocrx_word' id='word_1_138' title='bbox 1964 1151 2055 1180; x_wconf 83' lang='lat' dir='ltr'>ree-</span> 
     </span>
     <span class='ocr_line' id='line_1_17' title="bbox 402 1193 2057 1244; baseline -0.001 -10"><span class='ocrx_word' id='word_1_139' title='bbox 402 1199 486 1234; x_wconf 87' lang='lat' dir='ltr'>tius</span> <span class='ocrx_word' id='word_1_140' title='bbox 505 1198 720 1244; x_wconf 88' lang='lat' dir='ltr'>majorem</span> <span class='ocrx_word' id='word_1_141' title='bbox 741 1196 886 1234; x_wconf 91' lang='lat' dir='ltr'>adhuc</span> <span class='ocrx_word' id='word_1_142' title='bbox 906 1198 1106 1244; x_wconf 84' lang='lat' dir='ltr'>pecuniae</span> <span class='ocrx_word' id='word_1_143' title='bbox 1127 1195 1345 1234; x_wconf 88' lang='lat' dir='ltr'>summam</span> <span class='ocrx_word' id='word_1_144' title='bbox 1365 1194 1587 1234; x_wconf 79' lang='lat' dir='ltr'>collocasse</span> <span class='ocrx_word' id='word_1_145' title='bbox 1602 1194 1835 1233; x_wconf 83' lang='lat' dir='ltr'>videretur.</span> <span class='ocrx_word' id='word_1_146' title='bbox 1856 1193 1943 1234; x_wconf 86' lang='lat' dir='ltr'>Sed</span> <span class='ocrx_word' id='word_1_147' title='bbox 1961 1205 2057 1233; x_wconf 85' lang='lat' dir='ltr'>non</span> 
     </span>
     <span class='ocr_line' id='line_1_18' title="bbox 402 1247 2056 1297; baseline -0.001 -10"><span class='ocrx_word' id='word_1_148' title='bbox 402 1249 629 1288; x_wconf 88' lang='lat' dir='ltr'>attendunt</span> <span class='ocrx_word' id='word_1_149' title='bbox 653 1250 756 1287; x_wconf 89' lang='lat' dir='ltr'>boni</span> <span class='ocrx_word' id='word_1_150' title='bbox 782 1249 843 1287; x_wconf 82' lang='lat' dir='ltr'>issi</span> <span class='ocrx_word' id='word_1_151' title='bbox 869 1251 962 1292; x_wconf 78' lang='lat' dir='ltr'>viri,</span> <span class='ocrx_word' id='word_1_152' title='bbox 988 1248 1218 1297; x_wconf 87' lang='lat' dir='ltr'>Alphonso</span> <span class='ocrx_word' id='word_1_153' title='bbox 1242 1248 1564 1297; x_wconf 89' lang='lat' dir='ltr'>sempiternam,</span> <span class='ocrx_word' id='word_1_154' title='bbox 1590 1247 1629 1286; x_wconf 86' lang='lat'>&amp;</span> <span class='ocrx_word' id='word_1_155' title='bbox 1653 1247 1830 1287; x_wconf 86' lang='lat' dir='ltr'>Mundo</span> <span class='ocrx_word' id='word_1_156' title='bbox 1854 1258 2056 1287; x_wconf 83' lang='lat' dir='ltr'>coaevam</span> 
     </span>
     <span class='ocr_line' id='line_1_19' title="bbox 402 1299 2056 1351; baseline 0 -11"><span class='ocrx_word' id='word_1_157' title='bbox 402 1303 585 1351; x_wconf 82' lang='lat' dir='ltr'>gloriam</span> <span class='ocrx_word' id='word_1_158' title='bbox 598 1305 690 1350; x_wconf 85' lang='lat' dir='ltr'>jam</span> <span class='ocrx_word' id='word_1_159' title='bbox 706 1309 877 1350; x_wconf 89' lang='lat' dir='ltr'>partam</span> <span class='ocrx_word' id='word_1_160' title='bbox 894 1303 983 1347; x_wconf 85' lang='lat' dir='ltr'>esse,</span> <span class='ocrx_word' id='word_1_161' title='bbox 1006 1302 1286 1341; x_wconf 87' lang='lat' dir='ltr'>Coeterorum</span> <span class='ocrx_word' id='word_1_162' title='bbox 1302 1313 1408 1340; x_wconf 89' lang='lat' dir='ltr'>vero</span> <span class='ocrx_word' id='word_1_163' title='bbox 1424 1301 1542 1340; x_wconf 87' lang='lat' dir='ltr'>illius</span> <span class='ocrx_word' id='word_1_164' title='bbox 1557 1301 1688 1340; x_wconf 86' lang='lat' dir='ltr'>seculi</span> <span class='ocrx_word' id='word_1_165' title='bbox 1704 1301 1873 1350; x_wconf 88' lang='lat' dir='ltr'>Regum</span> <span class='ocrx_word' id='word_1_166' title='bbox 1886 1299 2056 1340; x_wconf 83' lang='lat' dir='ltr'>samam</span> 
     </span>
     <span class='ocr_line' id='line_1_20' title="bbox 398 1354 2056 1404; baseline 0 -10"><span class='ocrx_word' id='word_1_167' title='bbox 398 1356 661 1404; x_wconf 87' lang='lat' dir='ltr'>jampridem</span> <span class='ocrx_word' id='word_1_168' title='bbox 686 1355 897 1403; x_wconf 81' lang='lat' dir='ltr'>sepultam</span> <span class='ocrx_word' id='word_1_169' title='bbox 922 1354 1195 1394; x_wconf 79' lang='lat' dir='ltr'>delitescere?</span> <span class='ocrx_word' id='word_1_170' title='bbox 1227 1357 1286 1394; x_wconf 84' lang='lat' dir='ltr'>At</span> <span class='ocrx_word' id='word_1_171' title='bbox 1310 1355 1398 1394; x_wconf 80' lang='lat' dir='ltr'>istae</span> <span class='ocrx_word' id='word_1_172' title='bbox 1422 1355 1607 1394; x_wconf 85' lang='lat' dir='ltr'>Tabulae</span> <span class='ocrx_word' id='word_1_173' title='bbox 1631 1360 1694 1393; x_wconf 90' lang='lat' dir='ltr'>tot</span> <span class='ocrx_word' id='word_1_174' title='bbox 1716 1356 1914 1394; x_wconf 81' lang='lat' dir='ltr'>nummis</span> <span class='ocrx_word' id='word_1_175' title='bbox 1936 1365 2056 1394; x_wconf 82' lang='lat' dir='ltr'>com-</span> 
     </span>
     <span class='ocr_line' id='line_1_21' title="bbox 401 1407 2056 1457; baseline 0 -10"><span class='ocrx_word' id='word_1_176' title='bbox 401 1416 579 1457; x_wconf 85' lang='lat' dir='ltr'>paratae,</span> <span class='ocrx_word' id='word_1_177' title='bbox 603 1409 727 1447; x_wconf 91' lang='lat' dir='ltr'>Deus</span> <span class='ocrx_word' id='word_1_178' title='bbox 748 1410 875 1453; x_wconf 89' lang='lat' dir='ltr'>bone,</span> <span class='ocrx_word' id='word_1_179' title='bbox 899 1421 1034 1457; x_wconf 86' lang='lat' dir='ltr'>quam</span> <span class='ocrx_word' id='word_1_180' title='bbox 1057 1420 1230 1448; x_wconf 86' lang='lat' dir='ltr'>mancae</span> <span class='ocrx_word' id='word_1_181' title='bbox 1252 1408 1410 1453; x_wconf 90' lang='lat' dir='ltr'>adhuc,</span> <span class='ocrx_word' id='word_1_182' title='bbox 1434 1420 1570 1457; x_wconf 91' lang='lat' dir='ltr'>quam</span> <span class='ocrx_word' id='word_1_183' title='bbox 1591 1408 1762 1447; x_wconf 83' lang='lat' dir='ltr'>mutilae</span> <span class='ocrx_word' id='word_1_184' title='bbox 1781 1407 1896 1447; x_wconf 77' lang='lat' dir='ltr'>sunt!</span> <span class='ocrx_word' id='word_1_185' title='bbox 1918 1418 2056 1457; x_wconf 88' lang='lat' dir='ltr'>quam</span> 
     </span>
     <span class='ocr_line' id='line_1_22' title="bbox 402 1460 2057 1510; baseline 0.001 -10"><span class='ocrx_word' id='word_1_186' title='bbox 402 1474 500 1500; x_wconf 88' lang='lat' dir='ltr'>cum</span> <span class='ocrx_word' id='word_1_187' title='bbox 518 1462 739 1501; x_wconf 87' lang='lat' dir='ltr'>laboribus</span> <span class='ocrx_word' id='word_1_188' title='bbox 755 1463 951 1501; x_wconf 86' lang='lat' dir='ltr'>Parentis</span> <span class='ocrx_word' id='word_1_189' title='bbox 966 1462 1095 1501; x_wconf 90' lang='lat' dir='ltr'>nostri</span> <span class='ocrx_word' id='word_1_190' title='bbox 1113 1463 1158 1501; x_wconf 92' lang='lat' dir='ltr'>L.</span> <span class='ocrx_word' id='word_1_191' title='bbox 1175 1462 1239 1501; x_wconf 91' lang='lat' dir='ltr'>M.</span> <span class='ocrx_word' id='word_1_192' title='bbox 1257 1462 1382 1501; x_wconf 80' lang='lat' dir='ltr'>nulla</span> <span class='ocrx_word' id='word_1_193' title='bbox 1397 1474 1451 1501; x_wconf 86' lang='lat' dir='ltr'>ex</span> <span class='ocrx_word' id='word_1_194' title='bbox 1466 1468 1588 1510; x_wconf 89' lang='lat' dir='ltr'>parte</span> <span class='ocrx_word' id='word_1_195' title='bbox 1604 1460 1903 1501; x_wconf 72' lang='lat' dir='ltr'>conferendae!</span> <span class='ocrx_word' id='word_1_196' title='bbox 1918 1472 2057 1510; x_wconf 86' lang='lat' dir='ltr'>quam</span> 
     </span>
    </p>
   </div>
   <div class='ocr_carea' id='block_1_9' title="bbox 402 1511 2133 1566">
    <p class='ocr_par' dir='ltr' id='par_1_9' title="bbox 402 1511 2133 1566">
     <span class='ocr_line' id='line_1_23' title="bbox 402 1511 2133 1566; baseline 0.001 -13"><span class='ocrx_word' id='word_1_197' title='bbox 402 1518 636 1554; x_wconf 85' lang='lat' dir='ltr'>enormiter</span> <span class='ocrx_word' id='word_1_198' title='bbox 654 1528 980 1564; x_wconf 84' lang='lat' dir='ltr'>nonnunquam</span> <span class='ocrx_word' id='word_1_199' title='bbox 996 1527 1024 1555; x_wconf 91' lang='lat' dir='ltr'>a</span> <span class='ocrx_word' id='word_1_200' title='bbox 1039 1515 1214 1555; x_wconf 80' lang='lat' dir='ltr'>Coelesti</span> <span class='ocrx_word' id='word_1_201' title='bbox 1230 1518 1402 1554; x_wconf 87' lang='lat' dir='ltr'>tramite</span> <span class='ocrx_word' id='word_1_202' title='bbox 1419 1515 1666 1554; x_wconf 87' lang='lat' dir='ltr'>exorbitare</span> <span class='ocrx_word' id='word_1_203' title='bbox 1681 1511 2055 1566; x_wconf 77' lang='lat' dir='ltr'>de·}prehendun-</span> <span class='ocrx_word' id='word_1_204' title='bbox 2114 1529 2133 1543; x_wconf 72' lang='lat' dir='ltr'>v</span> 
     </span>
    </p>
   </div>
   <div class='ocr_carea' id='block_1_10' title="bbox 399 1567 2057 2625">
    <p class='ocr_par' dir='ltr' id='par_1_10' title="bbox 400 1567 2057 1778">
     <span class='ocr_line' id='line_1_24' title="bbox 401 1567 2057 1617; baseline 0.001 -11"><span class='ocrx_word' id='word_1_205' title='bbox 401 1569 486 1607; x_wconf 89' lang='lat' dir='ltr'>tur!</span> <span class='ocrx_word' id='word_1_206' title='bbox 509 1569 602 1607; x_wconf 87' lang='lat' dir='ltr'>Nec</span> <span class='ocrx_word' id='word_1_207' title='bbox 618 1572 791 1614; x_wconf 86' lang='lat' dir='ltr'>mirum,</span> <span class='ocrx_word' id='word_1_208' title='bbox 814 1581 914 1608; x_wconf 88' lang='lat' dir='ltr'>cum</span> <span class='ocrx_word' id='word_1_209' title='bbox 930 1581 986 1608; x_wconf 93' lang='lat' dir='ltr'>ne</span> <span class='ocrx_word' id='word_1_210' title='bbox 1003 1572 1181 1608; x_wconf 88' lang='lat' dir='ltr'>unicam</span> <span class='ocrx_word' id='word_1_211' title='bbox 1199 1569 1378 1617; x_wconf 87' lang='lat' dir='ltr'>quidem</span> <span class='ocrx_word' id='word_1_212' title='bbox 1393 1569 1744 1608; x_wconf 89' lang='lat' dir='ltr'>observationem</span> <span class='ocrx_word' id='word_1_213' title='bbox 1759 1567 1994 1608; x_wconf 76' lang='lat' dir='ltr'>Coelestem</span> <span class='ocrx_word' id='word_1_214' title='bbox 2007 1570 2057 1608; x_wconf 88' lang='lat' dir='ltr'>in</span> 
     </span>
     <span class='ocr_line' id='line_1_25' title="bbox 401 1621 2056 1667; baseline 0.001 -7"><span class='ocrx_word' id='word_1_215' title='bbox 401 1622 626 1660; x_wconf 87' lang='lat' dir='ltr'>confilium</span> <span class='ocrx_word' id='word_1_216' title='bbox 643 1623 923 1662; x_wconf 88' lang='lat' dir='ltr'>adhibuerint</span> <span class='ocrx_word' id='word_1_217' title='bbox 933 1623 1207 1662; x_wconf 87' lang='lat' dir='ltr'>Tabularum</span> <span class='ocrx_word' id='word_1_218' title='bbox 1223 1622 1427 1667; x_wconf 85' lang='lat' dir='ltr'>artifices;</span> <span class='ocrx_word' id='word_1_219' title='bbox 1444 1622 1515 1662; x_wconf 91' lang='lat' dir='ltr'>sed</span> <span class='ocrx_word' id='word_1_220' title='bbox 1530 1628 1730 1662; x_wconf 86' lang='lat' dir='ltr'>veterum</span> <span class='ocrx_word' id='word_1_221' title='bbox 1745 1621 2056 1662; x_wconf 83' lang='lat' dir='ltr'>observationi-</span> 
     </span>
     <span class='ocr_line' id='line_1_26' title="bbox 400 1675 2056 1725; baseline 0.001 -12"><span class='ocrx_word' id='word_1_222' title='bbox 400 1675 481 1714; x_wconf 90' lang='lat' dir='ltr'>bus</span> <span class='ocrx_word' id='word_1_223' title='bbox 504 1678 614 1714; x_wconf 91' lang='lat' dir='ltr'>inter</span> <span class='ocrx_word' id='word_1_224' title='bbox 636 1676 676 1714; x_wconf 91' lang='lat' dir='ltr'>se</span> <span class='ocrx_word' id='word_1_225' title='bbox 700 1676 880 1721; x_wconf 87' lang='lat' dir='ltr'>collatis,</span> <span class='ocrx_word' id='word_1_226' title='bbox 906 1679 1048 1725; x_wconf 87' lang='lat' dir='ltr'>ijsque</span> <span class='ocrx_word' id='word_1_227' title='bbox 1071 1677 1277 1721; x_wconf 71' lang='lat' dir='ltr'>limitans,</span> <span class='ocrx_word' id='word_1_228' title='bbox 1301 1676 1339 1715; x_wconf 87' lang='lat'>&amp;</span> <span class='ocrx_word' id='word_1_229' title='bbox 1363 1676 1565 1715; x_wconf 88' lang='lat' dir='ltr'>Siderum</span> <span class='ocrx_word' id='word_1_230' title='bbox 1589 1676 1806 1725; x_wconf 81' lang='lat' dir='ltr'>progressu</span> <span class='ocrx_word' id='word_1_231' title='bbox 1829 1681 2056 1724; x_wconf 81' lang='lat' dir='ltr'>utcunque</span> 
     </span>
     <span class='ocr_line' id='line_1_27' title="bbox 401 1728 2056 1778; baseline 0.002 -12"><span class='ocrx_word' id='word_1_232' title='bbox 401 1729 619 1773; x_wconf 83' lang='lat' dir='ltr'>denotato,</span> <span class='ocrx_word' id='word_1_233' title='bbox 643 1741 742 1768; x_wconf 90' lang='lat' dir='ltr'>eam</span> <span class='ocrx_word' id='word_1_234' title='bbox 766 1742 900 1777; x_wconf 91' lang='lat' dir='ltr'>quam</span> <span class='ocrx_word' id='word_1_235' title='bbox 923 1736 1173 1778; x_wconf 87' lang='lat' dir='ltr'>potuerunt,</span> <span class='ocrx_word' id='word_1_236' title='bbox 1199 1741 1291 1768; x_wconf 91' lang='lat' dir='ltr'>non</span> <span class='ocrx_word' id='word_1_237' title='bbox 1314 1741 1450 1778; x_wconf 88' lang='lat' dir='ltr'>quam</span> <span class='ocrx_word' id='word_1_238' title='bbox 1472 1730 1731 1775; x_wconf 85' lang='lat' dir='ltr'>debuerunt,</span> <span class='ocrx_word' id='word_1_239' title='bbox 1753 1728 2056 1778; x_wconf 73' lang='lat' dir='ltr'>praecifionem</span> 
     </span>
    </p>

    <p class='ocr_par' dir='ltr' id='par_1_11' title="bbox 400 1782 2056 2153">
     <span class='ocr_line' id='line_1_28' title="bbox 400 1782 1843 1832; baseline 0.001 -12"><span class='ocrx_word' id='word_1_240' title='bbox 400 1783 605 1830; x_wconf 85' lang='lat' dir='ltr'>assequuti</span> <span class='ocrx_word' id='word_1_241' title='bbox 623 1782 713 1827; x_wconf 84' lang='lat' dir='ltr'>sint,</span> <span class='ocrx_word' id='word_1_242' title='bbox 731 1783 768 1821; x_wconf 87' lang='lat'>&amp;</span> <span class='ocrx_word' id='word_1_243' title='bbox 785 1783 900 1822; x_wconf 89' lang='lat' dir='ltr'>hanc</span> <span class='ocrx_word' id='word_1_244' title='bbox 915 1783 1189 1822; x_wconf 89' lang='lat' dir='ltr'>Tabularum</span> <span class='ocrx_word' id='word_1_245' title='bbox 1206 1783 1471 1832; x_wconf 77' lang='lat' dir='ltr'>farraginem</span> <span class='ocrx_word' id='word_1_246' title='bbox 1487 1782 1843 1822; x_wconf 76' lang='lat' dir='ltr'>consarcinatint</span> 
     </span>
     <span class='ocr_line' id='line_1_29' title="bbox 454 1836 2056 1886; baseline 0.001 -12"><span class='ocrx_word' id='word_1_247' title='bbox 454 1836 588 1874; x_wconf 88' lang='lat' dir='ltr'>Hunc</span> <span class='ocrx_word' id='word_1_248' title='bbox 609 1843 757 1875; x_wconf 87' lang='lat' dir='ltr'>autem</span> <span class='ocrx_word' id='word_1_249' title='bbox 778 1836 993 1876; x_wconf 62' lang='lat' dir='ltr'>desedtum</span> <span class='ocrx_word' id='word_1_250' title='bbox 1015 1849 1068 1875; x_wconf 86' lang='lat' dir='ltr'>ex</span> <span class='ocrx_word' id='word_1_251' title='bbox 1089 1848 1142 1875; x_wconf 91' lang='lat' dir='ltr'>eo</span> <span class='ocrx_word' id='word_1_252' title='bbox 1162 1843 1359 1885; x_wconf 88' lang='lat' dir='ltr'>tempore</span> <span class='ocrx_word' id='word_1_253' title='bbox 1375 1839 1457 1875; x_wconf 88' lang='lat' dir='ltr'>viri</span> <span class='ocrx_word' id='word_1_254' title='bbox 1472 1837 1642 1885; x_wconf 83' lang='lat' dir='ltr'>aliquot</span> <span class='ocrx_word' id='word_1_255' title='bbox 1657 1836 1856 1885; x_wconf 73' lang='lat' dir='ltr'>insignes,</span> <span class='ocrx_word' id='word_1_256' title='bbox 1876 1837 2056 1886; x_wconf 84' lang='lat' dir='ltr'>ingenio</span> 
     </span>
     <span class='ocr_line' id='line_1_30' title="bbox 400 1889 2055 1939; baseline 0.001 -12"><span class='ocrx_word' id='word_1_257' title='bbox 400 1889 577 1937; x_wconf 90' lang='lat' dir='ltr'>quidem</span> <span class='ocrx_word' id='word_1_258' title='bbox 592 1889 694 1928; x_wconf 89' lang='lat' dir='ltr'>huic</span> <span class='ocrx_word' id='word_1_259' title='bbox 706 1893 945 1938; x_wconf 84' lang='lat' dir='ltr'>provinciae</span> <span class='ocrx_word' id='word_1_260' title='bbox 957 1890 1150 1929; x_wconf 85' lang='lat' dir='ltr'>ferendae</span> <span class='ocrx_word' id='word_1_261' title='bbox 1162 1901 1302 1939; x_wconf 90' lang='lat' dir='ltr'>pares,</span> <span class='ocrx_word' id='word_1_262' title='bbox 1318 1890 1388 1929; x_wconf 92' lang='lat' dir='ltr'>sed</span> <span class='ocrx_word' id='word_1_263' title='bbox 1400 1890 1641 1938; x_wconf 89' lang='lat' dir='ltr'>sumptibus</span> <span class='ocrx_word' id='word_1_264' title='bbox 1652 1892 1844 1938; x_wconf 85' lang='lat' dir='ltr'>impares</span> <span class='ocrx_word' id='word_1_265' title='bbox 1853 1889 2055 1939; x_wconf 85' lang='lat' dir='ltr'>supplere</span> 
     </span>
     <span class='ocr_line' id='line_1_31' title="bbox 400 1943 2055 1992; baseline 0.001 -12"><span class='ocrx_word' id='word_1_266' title='bbox 400 1946 543 1981; x_wconf 85' lang='lat' dir='ltr'>conati</span> <span class='ocrx_word' id='word_1_267' title='bbox 566 1943 677 1981; x_wconf 90' lang='lat' dir='ltr'>sunt:</span> <span class='ocrx_word' id='word_1_268' title='bbox 701 1946 901 1992; x_wconf 84' lang='lat' dir='ltr'>inprimis</span> <span class='ocrx_word' id='word_1_269' title='bbox 924 1950 1072 1983; x_wconf 89' lang='lat' dir='ltr'>autem</span> <span class='ocrx_word' id='word_1_270' title='bbox 1095 1955 1282 1992; x_wconf 87' lang='lat' dir='ltr'>magnus</span> <span class='ocrx_word' id='word_1_271' title='bbox 1305 1944 1378 1982; x_wconf 90' lang='lat' dir='ltr'>ille</span> <span class='ocrx_word' id='word_1_272' title='bbox 1403 1943 1441 1982; x_wconf 86' lang='lat'>&amp;</span> <span class='ocrx_word' id='word_1_273' title='bbox 1467 1955 1700 1992; x_wconf 88' lang='lat' dir='ltr'>nunquam</span> <span class='ocrx_word' id='word_1_274' title='bbox 1724 1943 1824 1982; x_wconf 86' lang='lat' dir='ltr'>satis</span> <span class='ocrx_word' id='word_1_275' title='bbox 1847 1943 2055 1982; x_wconf 71' lang='lat' dir='ltr'>laudatus</span> 
     </span>
     <span class='ocr_line' id='line_1_32' title="bbox 401 1995 2054 2046; baseline 0.002 -13"><span class='ocrx_word' id='word_1_276' title='bbox 401 1996 613 2035; x_wconf 86' lang='lat' dir='ltr'>Nicolaus</span> <span class='ocrx_word' id='word_1_277' title='bbox 630 1996 903 2045; x_wconf 87' lang='lat' dir='ltr'>Copernicus</span> <span class='ocrx_word' id='word_1_278' title='bbox 914 1997 1194 2041; x_wconf 85' lang='lat' dir='ltr'>Toronenfis;</span> <span class='ocrx_word' id='word_1_279' title='bbox 1211 1997 1281 2036; x_wconf 93' lang='lat' dir='ltr'>sed</span> <span class='ocrx_word' id='word_1_280' title='bbox 1298 2009 1431 2045; x_wconf 90' lang='lat' dir='ltr'>quem</span> <span class='ocrx_word' id='word_1_281' title='bbox 1448 1997 1604 2036; x_wconf 90' lang='lat' dir='ltr'>eadem</span> <span class='ocrx_word' id='word_1_282' title='bbox 1620 2009 1756 2046; x_wconf 89' lang='lat' dir='ltr'>quam</span> <span class='ocrx_word' id='word_1_283' title='bbox 1767 1995 2054 2046; x_wconf 78' lang='lat' dir='ltr'>Alphonfinis</span> 
     </span>
     <span class='ocr_line' id='line_1_33' title="bbox 400 2049 2053 2099; baseline 0.002 -12"><span class='ocrx_word' id='word_1_284' title='bbox 400 2049 588 2088; x_wconf 83' lang='lat' dir='ltr'>obstitisse</span> <span class='ocrx_word' id='word_1_285' title='bbox 605 2051 808 2094; x_wconf 83' lang='lat' dir='ltr'>diximus,</span> <span class='ocrx_word' id='word_1_286' title='bbox 826 2051 1180 2089; x_wconf 89' lang='lat' dir='ltr'>observationum</span> <span class='ocrx_word' id='word_1_287' title='bbox 1197 2051 1234 2089; x_wconf 86' lang='lat'>&amp;</span> <span class='ocrx_word' id='word_1_288' title='bbox 1252 2051 1644 2090; x_wconf 78' lang='lat' dir='ltr'>Instrumentorum</span> <span class='ocrx_word' id='word_1_289' title='bbox 1659 2052 1847 2099; x_wconf 90' lang='lat' dir='ltr'>penuria</span> <span class='ocrx_word' id='word_1_290' title='bbox 1862 2050 2053 2090; x_wconf 80' lang='lat' dir='ltr'>necdum</span> 
     </span>
     <span class='ocr_line' id='line_1_34' title="bbox 400 2103 2052 2153; baseline 0.002 -13"><span class='ocrx_word' id='word_1_291' title='bbox 400 2114 475 2150; x_wconf 88' lang='lat' dir='ltr'>per</span> <span class='ocrx_word' id='word_1_292' title='bbox 492 2106 643 2141; x_wconf 87' lang='lat' dir='ltr'>omnia</span> <span class='ocrx_word' id='word_1_293' title='bbox 660 2106 746 2142; x_wconf 90' lang='lat' dir='ltr'>voti</span> <span class='ocrx_word' id='word_1_294' title='bbox 764 2111 1011 2152; x_wconf 87' lang='lat' dir='ltr'>compotem</span> <span class='ocrx_word' id='word_1_295' title='bbox 1029 2105 1105 2143; x_wconf 87' lang='lat' dir='ltr'>esse</span> <span class='ocrx_word' id='word_1_296' title='bbox 1121 2104 1225 2149; x_wconf 83' lang='lat' dir='ltr'>sivit.</span> <span class='ocrx_word' id='word_1_297' title='bbox 1246 2105 1345 2143; x_wconf 88' lang='lat' dir='ltr'>lieet</span> <span class='ocrx_word' id='word_1_298' title='bbox 1364 2104 1494 2153; x_wconf 86' lang='lat' dir='ltr'>ipfius</span> <span class='ocrx_word' id='word_1_299' title='bbox 1509 2111 1713 2143; x_wconf 88' lang='lat' dir='ltr'>motuum</span> <span class='ocrx_word' id='word_1_300' title='bbox 1733 2103 1941 2143; x_wconf 79' lang='lat' dir='ltr'>restitutio</span> <span class='ocrx_word' id='word_1_301' title='bbox 1959 2115 2052 2144; x_wconf 83' lang='lat' dir='ltr'>non</span> 
     </span>
    </p>

    <p class='ocr_par' dir='ltr' id='par_1_12' title="bbox 399 2155 2053 2625">
     <span class='ocr_line' id='line_1_35' title="bbox 401 2155 1838 2207; baseline 0.001 -14"><span class='ocrx_word' id='word_1_302' title='bbox 401 2155 533 2203; x_wconf 87' lang='lat' dir='ltr'>usque</span> <span class='ocrx_word' id='word_1_303' title='bbox 550 2157 662 2194; x_wconf 90' lang='lat' dir='ltr'>adeo</span> <span class='ocrx_word' id='word_1_304' title='bbox 678 2164 808 2205; x_wconf 87' lang='lat' dir='ltr'>atque</span> <span class='ocrx_word' id='word_1_305' title='bbox 826 2159 1136 2196; x_wconf 82' lang='lat' dir='ltr'>antecessorum</span> <span class='ocrx_word' id='word_1_306' title='bbox 1153 2169 1179 2196; x_wconf 91' lang='lat' dir='ltr'>a</span> <span class='ocrx_word' id='word_1_307' title='bbox 1196 2158 1370 2197; x_wconf 82' lang='lat' dir='ltr'>Coelessi</span> <span class='ocrx_word' id='word_1_308' title='bbox 1387 2159 1545 2196; x_wconf 73' lang='lat' dir='ltr'>norma</span> <span class='ocrx_word' id='word_1_309' title='bbox 1561 2158 1838 2207; x_wconf 86' lang='lat' dir='ltr'>digrediatur.</span> 
     </span>
     <span class='ocr_line' id='line_1_36' title="bbox 453 2209 2052 2260; baseline 0.002 -13"><span class='ocrx_word' id='word_1_310' title='bbox 453 2209 731 2257; x_wconf 86' lang='lat' dir='ltr'>Quapropter</span> <span class='ocrx_word' id='word_1_311' title='bbox 747 2211 982 2249; x_wconf 88' lang='lat' dir='ltr'>confidenti</span> <span class='ocrx_word' id='word_1_312' title='bbox 1000 2211 1191 2259; x_wconf 87' lang='lat' dir='ltr'>quidem,</span> <span class='ocrx_word' id='word_1_313' title='bbox 1212 2211 1281 2250; x_wconf 92' lang='lat' dir='ltr'>sed</span> <span class='ocrx_word' id='word_1_314' title='bbox 1298 2211 1490 2250; x_wconf 74' lang='lat' dir='ltr'>modesta</span> <span class='ocrx_word' id='word_1_315' title='bbox 1505 2211 1772 2251; x_wconf 75' lang='lat' dir='ltr'>verecundia</span> <span class='ocrx_word' id='word_1_316' title='bbox 1787 2212 2052 2260; x_wconf 81' lang='lat' dir='ltr'>pronuncia·</span> 
     </span>
     <span class='ocr_line' id='line_1_37' title="bbox 400 2263 2053 2313; baseline 0.003 -14"><span class='ocrx_word' id='word_1_317' title='bbox 400 2274 509 2305; x_wconf 86' lang='lat' dir='ltr'>mus,</span> <span class='ocrx_word' id='word_1_318' title='bbox 532 2263 760 2301; x_wconf 85' lang='lat' dir='ltr'>Parentem</span> <span class='ocrx_word' id='word_1_319' title='bbox 782 2264 973 2302; x_wconf 79' lang='lat' dir='ltr'>nostrum</span> <span class='ocrx_word' id='word_1_320' title='bbox 995 2276 1150 2303; x_wconf 89' lang='lat' dir='ltr'>omnes</span> <span class='ocrx_word' id='word_1_321' title='bbox 1166 2277 1192 2303; x_wconf 88' lang='lat' dir='ltr'>a</span> <span class='ocrx_word' id='word_1_322' title='bbox 1209 2265 1384 2303; x_wconf 88' lang='lat' dir='ltr'>Mundo</span> <span class='ocrx_word' id='word_1_323' title='bbox 1401 2265 1577 2304; x_wconf 86' lang='lat' dir='ltr'>condito</span> <span class='ocrx_word' id='word_1_324' title='bbox 1594 2264 1876 2304; x_wconf 71' lang='lat' dir='ltr'>Autonomos</span> <span class='ocrx_word' id='word_1_325' title='bbox 1895 2264 2053 2313; x_wconf 83' lang='lat' dir='ltr'>(quan-</span> 
     </span>
     <span class='ocr_line' id='line_1_38' title="bbox 400 2317 2052 2366; baseline 0.003 -13"><span class='ocrx_word' id='word_1_326' title='bbox 400 2323 491 2353; x_wconf 87' lang='lat' dir='ltr'>tum</span> <span class='ocrx_word' id='word_1_327' title='bbox 509 2317 685 2363; x_wconf 89' lang='lat' dir='ltr'>quidem</span> <span class='ocrx_word' id='word_1_328' title='bbox 699 2317 831 2355; x_wconf 86' lang='lat' dir='ltr'>literis</span> <span class='ocrx_word' id='word_1_329' title='bbox 843 2318 897 2356; x_wconf 91' lang='lat' dir='ltr'>ad</span> <span class='ocrx_word' id='word_1_330' title='bbox 911 2330 992 2356; x_wconf 91' lang='lat' dir='ltr'>nos</span> <span class='ocrx_word' id='word_1_331' title='bbox 1006 2320 1302 2366; x_wconf 86' lang='lat' dir='ltr'>promanavit)</span> <span class='ocrx_word' id='word_1_332' title='bbox 1319 2320 1363 2356; x_wconf 90' lang='lat' dir='ltr'>in</span> <span class='ocrx_word' id='word_1_333' title='bbox 1381 2318 1652 2357; x_wconf 80' lang='lat' dir='ltr'>restituendis</span> <span class='ocrx_word' id='word_1_334' title='bbox 1666 2318 1859 2358; x_wconf 78' lang='lat' dir='ltr'>motibus</span> <span class='ocrx_word' id='word_1_335' title='bbox 1873 2329 2052 2358; x_wconf 79' lang='lat' dir='ltr'>accura-</span> 
     </span>
     <span class='ocr_line' id='line_1_39' title="bbox 399 2369 2053 2421; baseline 0.004 -16"><span class='ocrx_word' id='word_1_336' title='bbox 399 2371 516 2406; x_wconf 81' lang='lat' dir='ltr'>tione</span> <span class='ocrx_word' id='word_1_337' title='bbox 538 2369 739 2417; x_wconf 82' lang='lat' dir='ltr'>lingulari</span> <span class='ocrx_word' id='word_1_338' title='bbox 761 2370 892 2419; x_wconf 89' lang='lat' dir='ltr'>longo</span> <span class='ocrx_word' id='word_1_339' title='bbox 913 2371 1144 2409; x_wconf 86' lang='lat' dir='ltr'>intervallo</span> <span class='ocrx_word' id='word_1_340' title='bbox 1163 2371 1251 2419; x_wconf 83' lang='lat' dir='ltr'>post</span> <span class='ocrx_word' id='word_1_341' title='bbox 1268 2371 1308 2410; x_wconf 92' lang='lat' dir='ltr'>se</span> <span class='ocrx_word' id='word_1_342' title='bbox 1325 2371 1548 2420; x_wconf 83' lang='lat' dir='ltr'>reliquisse.</span> <span class='ocrx_word' id='word_1_343' title='bbox 1569 2383 1620 2410; x_wconf 90' lang='lat' dir='ltr'>ac</span> <span class='ocrx_word' id='word_1_344' title='bbox 1641 2374 1868 2411; x_wconf 87' lang='lat' dir='ltr'>neminem</span> <span class='ocrx_word' id='word_1_345' title='bbox 1884 2371 2053 2421; x_wconf 80' lang='lat' dir='ltr'>Regum</span> 
     </span>
     <span class='ocr_line' id='line_1_40' title="bbox 400 2421 2052 2474; baseline 0.004 -15"><span class='ocrx_word' id='word_1_346' title='bbox 400 2421 436 2459; x_wconf 83' lang='lat'>&amp;</span> <span class='ocrx_word' id='word_1_347' title='bbox 460 2422 722 2471; x_wconf 83' lang='lat' dir='ltr'>Principum,</span> <span class='ocrx_word' id='word_1_348' title='bbox 746 2436 800 2462; x_wconf 89' lang='lat' dir='ltr'>ne</span> <span class='ocrx_word' id='word_1_349' title='bbox 824 2425 966 2463; x_wconf 87' lang='lat' dir='ltr'>dicam</span> <span class='ocrx_word' id='word_1_350' title='bbox 991 2427 1262 2472; x_wconf 85' lang='lat' dir='ltr'>privatorum</span> <span class='ocrx_word' id='word_1_351' title='bbox 1286 2425 1374 2472; x_wconf 84' lang='lat' dir='ltr'>poss</span> <span class='ocrx_word' id='word_1_352' title='bbox 1396 2425 1674 2473; x_wconf 78' lang='lat' dir='ltr'>Alphonsum</span> <span class='ocrx_word' id='word_1_353' title='bbox 1696 2425 1858 2474; x_wconf 82' lang='lat' dir='ltr'>Regem</span> <span class='ocrx_word' id='word_1_354' title='bbox 1876 2430 1940 2465; x_wconf 83' lang='lat' dir='ltr'>tot</span> <span class='ocrx_word' id='word_1_355' title='bbox 1956 2430 2052 2465; x_wconf 78' lang='lat' dir='ltr'>tan·</span> 
     </span>
     <span class='ocr_line' id='line_1_41' title="bbox 399 2477 2051 2526; baseline 0.004 -13"><span class='ocrx_word' id='word_1_356' title='bbox 399 2482 552 2523; x_wconf 88' lang='lat' dir='ltr'>tosque</span> <span class='ocrx_word' id='word_1_357' title='bbox 574 2478 617 2514; x_wconf 91' lang='lat' dir='ltr'>in</span> <span class='ocrx_word' id='word_1_358' title='bbox 640 2477 964 2516; x_wconf 83' lang='lat' dir='ltr'>Astronomiam</span> <span class='ocrx_word' id='word_1_359' title='bbox 986 2478 1180 2526; x_wconf 87' lang='lat' dir='ltr'>sumptus</span> <span class='ocrx_word' id='word_1_360' title='bbox 1203 2477 1355 2521; x_wconf 83' lang='lat' dir='ltr'>secisse;</span> <span class='ocrx_word' id='word_1_361' title='bbox 1379 2478 1590 2526; x_wconf 80' lang='lat' dir='ltr'>siquidem</span> <span class='ocrx_word' id='word_1_362' title='bbox 1611 2490 1702 2518; x_wconf 89' lang='lat' dir='ltr'>non</span> <span class='ocrx_word' id='word_1_363' title='bbox 1722 2478 1863 2518; x_wconf 90' lang='lat' dir='ltr'>solum</span> <span class='ocrx_word' id='word_1_364' title='bbox 1882 2479 2051 2524; x_wconf 78' lang='lat' dir='ltr'>omnia.</span> 
     </span>
     <span class='ocr_line' id='line_1_42' title="bbox 399 2530 2051 2582; baseline 0.004 -16"><span class='ocrx_word' id='word_1_365' title='bbox 399 2540 499 2576; x_wconf 78' lang='lat' dir='ltr'>qua:</span> <span class='ocrx_word' id='word_1_366' title='bbox 516 2530 745 2568; x_wconf 85' lang='lat' dir='ltr'>corradere</span> <span class='ocrx_word' id='word_1_367' title='bbox 765 2533 902 2578; x_wconf 81' lang='lat' dir='ltr'>potuit</span> <span class='ocrx_word' id='word_1_368' title='bbox 920 2543 971 2569; x_wconf 86' lang='lat' dir='ltr'>ex</span> <span class='ocrx_word' id='word_1_369' title='bbox 990 2531 1145 2569; x_wconf 86' lang='lat' dir='ltr'>Fevdis</span> <span class='ocrx_word' id='word_1_370' title='bbox 1161 2531 1198 2569; x_wconf 87' lang='lat'>&amp;</span> <span class='ocrx_word' id='word_1_371' title='bbox 1215 2531 1450 2580; x_wconf 87' lang='lat' dir='ltr'>beneficijs.</span> <span class='ocrx_word' id='word_1_372' title='bbox 1472 2543 1573 2580; x_wconf 84' lang='lat' dir='ltr'>quae</span> <span class='ocrx_word' id='word_1_373' title='bbox 1592 2532 1694 2571; x_wconf 89' lang='lat' dir='ltr'>sane</span> <span class='ocrx_word' id='word_1_374' title='bbox 1710 2532 1765 2571; x_wconf 90' lang='lat' dir='ltr'>ab</span> <span class='ocrx_word' id='word_1_375' title='bbox 1781 2531 1945 2582; x_wconf 80' lang='lat' dir='ltr'>inclyto</span> <span class='ocrx_word' id='word_1_376' title='bbox 1959 2531 2051 2572; x_wconf 77' lang='lat' dir='ltr'>Da·</span> 
     </span>
     <span class='ocr_line' id='line_1_43' title="bbox 1889 2596 2052 2625; baseline 0 0"><span class='ocrx_word' id='word_1_377' title='bbox 1889 2596 2052 2625; x_wconf 82' lang='lat' dir='ltr'>norum</span> 
     </span>
    </p>
   </div>
   <div class='ocr_carea' id='block_1_11' title="bbox 2092 1630 2128 1658">
    <p class='ocr_par' dir='ltr' id='par_1_13' title="bbox 2092 1630 2128 1658">
     <span class='ocr_line' id='line_1_44' title="bbox 2092 1630 2128 1658; baseline 0 0"><span class='ocrx_word' id='word_1_378' title='bbox 2092 1630 2128 1658; x_wconf 78' lang='lat'>2⁵</span> 
     </span>
    </p>
   </div>
  </div>
 </body>
</html>
