2164 3246
403 195 1062 237 PROGYMNASMATUM
1085 199 1392 238 SECUNDA
1415 201 1566 239 PARS
1736 201 1813 240 369

160 301 496 341 COLLECTIO
518 302 804 341 INUENTAE
825 304 1266 344 LONGITUDINIS
1283 307 1321 344 8(
1338 307 1718 346 LATITUDINIS
1738 308 1815 346 EX

372 363 668 404 ASSUMTIS
689 365 966 405 FIXARUM
988 368 1159 406 LOCIS
1181 368 1602 408 COPERNICAEIS.

338 510 508 536 NOMINA
524 510 815 537 ADHIBITARVM
834 512 1070 538 STELLARVM

338 631 368 670 Ι.
385 633 426 669 A
442 632 609 693 Lucida
625 632 862 672 Cathedrae
879 634 916 672 &
934 634 1049 672 Flex.
1080 690 1085 696 ¹
1181 636 1205 673 6
1275 636 1325 674 53
1351 639 1391 680 {5
1453 637 1503 674 54
1582 637 1623 706 ΟΙ

104 699 120 724 5
316 684 366 723 ΙΙ.
383 686 425 723 A
441 685 607 724 Lucida
624 686 860 725 Cathedrae
877 687 915 725 &
932 687 1112 726 Schedir
1181 689 1204 726 7
1301 690 1326 727 Ο
1351 693 1391 733 {5
1453 690 1502 728 53
1555 691 1604 728 55
1638 691 1684 728 Β.

296 738 368 777 111.
385 739 426 776 A
443 738 632 777 Flexum
647 739 685 778 ει
703 739 883 778 Schedir
1181 742 1205 780 6
1274 743 1324 780 44
1351 746 1391 787 ὅ
1452 743 1502 781 53
1555 721 1622 786 591

69 843 133 877 392
207 835 261 882 Jn
270 836 520 875 Latitudine
530 837 722 885 quidem,
733 837 805 876 hic
815 850 906 876 non
916 839 1047 886 vsque
1058 840 1169 877 adeo
1179 851 1341 888 magna
1351 840 1405 878 en
1416 840 1673 883 differentia.
1686 841 1811 889 slqui-

157 889 258 928 dem
276 890 548 929 Latitudines
567 890 815 935 Stellarum,
837 904 938 939 quae
959 895 1004 930 in
1023 893 1184 931 Abacis
1205 894 1515 932 communibus
1536 895 1811 937 denotantur.

156 954 248 981 non
258 943 448 982 multum
459 946 574 983 circa
585 944 666 982 has
677 950 763 983 tres
775 946 989 988 aberrent,
1002 947 1190 993 ideoque
1202 946 1352 984 saltem
1361 948 1384 985 5
1394 947 1529 994 scrup.
1543 949 1691 986 incidit
1705 960 1810 995 quo-

90 1011 120 1037 ιο
157 997 213 1035 ad
235 996 544 1042 Latitudinem,
569 1000 818 1036 maximum
841 999 1081 1037 discrimen.
1109 1000 1158 1037 In
1182 1000 1473 1048 Longitudine
1497 1013 1601 1039 vero
1626 1001 1680 1039 est
1703 1002 1810 1040 illud

156 1050 285 1099 triplo
304 1053 462 1095 maius,
483 1057 630 1099 vtpote
651 1052 693 1090 16
713 1054 884 1091 minuta
905 1053 1129 1091 accedens.
1152 1054 1398 1101 Longitudo
1421 1066 1597 1102 quoque
1619 1057 1811 1102 primum

156 1115 183 1142 a
198 1104 364 1143 Lucida
381 1104 617 1143 Cathedrae
633 1111 765 1153 atque
783 1106 971 1144 Flexura
992 1105 1188 1149 deducta.
1211 1107 1309 1145 satis
1329 1108 1440 1145 bene
1463 1120 1562 1145 cum
1584 1108 1726 1146 nostra
1748 1112 1810 1146 in-

155 1159 365 1196 uentione
386 1158 607 1203 consentit,
629 1159 878 1197 Latitudine
896 1160 1139 1207 quadrante
1156 1160 1316 1208 gradus
1333 1161 1597 1199 abundante.
1621 1162 1670 1199 In
1687 1169 1809 1200 caete-

155 1213 214 1249 ris
233 1213 377 1250 maius
398 1212 466 1256 est,
487 1212 635 1260 quoad
652 1212 992 1261 Longitudinem
1013 1213 1311 1261 discrepantia,
1333 1216 1392 1252 ita
1408 1220 1451 1252 vt
1470 1215 1609 1252 noster
1626 1215 1748 1253 locus
1765 1216 1809 1253 sit

89 1279 118 1304 ι5
156 1264 276 1312 quafi
299 1266 598 1310 intermedius,
625 1267 773 1314 quoad
797 1267 924 1305 binas
945 1267 1259 1315 Longitudines
1281 1267 1520 1314 sequentes.
1545 1268 1581 1306 8(
1607 1269 1809 1307 Latitudo

156 1318 385 1367 aliquanto
401 1321 560 1358 minor.

296 1425 486 1465 IUXTA
506 1426 958 1465 ALPHONSINUM
981 1427 1322 1466 CALCULUM
1345 1428 1558 1466 EADEM
1580 1428 1669 1467 SIC

780 1489 1186 1528 PROUENIUNT.

85 1631 119 1657 20

208 1907 367 1946 Deficit
377 1910 506 1957 igitur
517 1908 794 1956 Alphonfina
805 1908 1036 1946 calculatio
1049 1920 1075 1946 a
1087 1908 1372 1955 Coperniana
1384 1908 1544 1955 vbique
1557 1909 1607 1947 52
1621 1908 1645 1956 l.
1660 1911 1807 1956 quoad

83 1973 118 2000 25
155 1960 506 2010 Longitudinem,
523 1968 742 2010 quantum
759 1964 891 2000 etiam
908 1964 1109 2000 omnium
1122 1961 1356 2000 Stellarum
1372 1962 1468 2000 loca
1482 1965 1703 2001 anteriora
1715 1964 1806 2001 red-

155 2014 227 2060 dit,
248 2017 294 2053 in
314 2015 439 2054 Latit.
461 2027 562 2054 cum
583 2016 740 2054 eadem
760 2016 989 2062 vtrobique
1011 2017 1057 2052 in
1078 2015 1220 2054 Stellis
1241 2016 1486 2058 assumatur,
1511 2015 1683 2063 prorsus
1707 2028 1806 2054 con-

155 2070 352 2107 ueniunt.
373 2070 520 2117 Atque
538 2081 591 2107 ex
608 2069 676 2107 his
692 2069 840 2116 liquet,
858 2069 976 2116 quod
992 2068 1070 2106 nisi
1086 2068 1337 2106 Affixarum
1353 2068 1586 2107 Stellarum
1603 2069 1699 2107 loca
1716 2082 1806 2107 cor-

154 2120 279 2167 reete,
295 2124 416 2170 prius
432 2122 621 2161 restituta
637 2122 810 2165 fuerint.
827 2122 979 2160 frustra
995 2122 1172 2160 alterius
1189 2122 1485 2169 cuiuscunque
1503 2122 1603 2160 hinc
1617 2123 1806 2161 deriuari

154 2175 382 2223 praecisum
398 2176 559 2220 locum,
576 2176 740 2214 etiamfi
757 2176 1096 2214 Obseruationes
1112 2175 1210 2213 satis
1227 2178 1305 2213 rite
1322 2175 1361 2213 se
1378 2176 1581 2213 habeant.

85 2241 119 2267 30
209 2228 330 2277 Quin
350 2229 388 2267 8(
409 2229 585 2278 insuper
605 2230 753 2267 locum
772 2229 893 2267 Noui
911 2229 1072 2268 Sideris
1093 2231 1215 2267 iuxta
1232 2229 1567 2276 Copernianum
1588 2229 1805 2267 calculum

67 2287 131 2321 393
155 2282 292 2321 altero
312 2284 504 2331 processu
523 2295 600 2331 per
621 2282 889 2321 differentias
905 2279 1270 2332 Ascenfiona-ssles
1286 2282 1324 2320 &
1342 2282 1672 2320 Declinationes
1690 2295 1804 2320 com-

155 2338 286 2384 periri
305 2336 458 2384 placet.
480 2336 631 2384 Quare
652 2336 904 2375 assumendo
926 2336 963 2373 8(
984 2336 1054 2374 hic
1071 2336 1258 2374 eandem
1276 2336 1613 2383 Figurationem.
1637 2348 1723 2383 qua
1743 2337 1804 2374 su-

155 2391 302 2437 perius
318 2390 475 2428 eodem
490 2390 625 2428 modo
641 2389 700 2427 vfi
716 2389 877 2433 sumus,
894 2389 932 2427 &
949 2389 1231 2437 intelligendo
1243 2389 1397 2427 Stellas
1409 2389 1804 2428 denominationes-

156 2454 241 2490 que
261 2448 306 2481 vt
325 2445 468 2487 antea,
489 2443 536 2481 fit
557 2455 674 2481 nunc
696 2445 818 2482 iuxta
839 2443 1138 2491 Copernicum
1154 2442 1356 2480 Ascenfio
1379 2441 1507 2480 Recta
1528 2443 1703 2480 Lucidae
1721 2443 1803 2481 Ca—

85 2507 118 2534 35
155 2495 334 2541 thedrae,
358 2498 399 2534 A
419 2503 527 2544 part.
549 2497 638 2536 356.
662 2495 687 2545 l.
709 2497 744 2534 2.
770 2497 986 2535 Declinat.
1009 2497 1042 2534 B
1064 2502 1171 2544 part.
1194 2497 1256 2535 57.
1281 2495 1305 2543 l.
1328 2496 1350 2533 3
1373 2496 1484 2543 Sept.
1511 2496 1614 2586 {ius
1638 2508 1736 2585 que?
1760 2499 1803 2585 itn

261 2558 294 2584 ⁴⁷
1562 2557 1713 2586 xtremi
1736 2561 1760 2585 a
1782 2561 1803 2585 e
