2164 3246
541 202 1060 244 ANNOTATIONES
1082 206 1382 246 EDITORIS
1710 213 1786 252 455

137 306 260 338 verba
280 305 368 338 haec
390 308 495 338 sunt:
522 306 764 347 »Descriptio
784 308 898 340 huius
915 309 1090 342 Cometae
1107 311 1315 352 desumpta
1333 318 1390 344 est
1406 322 1454 345 ex
1472 315 1632 355 antiquo
1649 317 1786 349 codice

138 368 260 391 manu
279 359 439 399 scripto.
463 359 634 391 Euentus
650 360 690 391 hi
707 367 922 401 congruent
939 371 1030 394 cum
1047 364 1396 404 significationibus
1413 369 1535 400 stellae
1555 371 1784 409 propositae:

139 412 245 454 quod
267 412 367 444 bene
390 412 612 444 notandum
635 417 709 445 est:
734 414 929 455 videoque
952 416 1014 448 hic
1039 417 1184 457 aliquid
1205 419 1383 459 insigne«
1475 421 1696 459 Stellarum,
1722 425 1785 463 qui

139 465 250 498 annis
265 465 330 497 945
346 468 384 498 et
403 465 487 497 1264
503 471 783 506 apparuerunt,
805 477 853 499 ex
875 469 974 500 illius
991 472 1181 510 temporis
1198 473 1454 512 scriptoribus
1470 475 1576 506 solus
1593 480 1785 515 praeterea

139 519 381 552 mentionem
402 519 497 551 facit
518 527 655 551 comes
673 520 905 558 Hardeeius,
929 523 993 562 qui
1015 532 1048 554 a.
1071 524 1152 555 1573
1169 529 1300 557 rector
1315 530 1399 558 erat
1416 528 1677 561 universitatis
1695 530 1787 562 Wit-

137 572 431 613 tembergensis.
455 572 497 604 In
518 573 617 605 libro
639 573 754 614 hujus
772 583 794 605 a
810 575 997 615 Tychone
1014 586 1092 608 non
1109 584 1439 615 commemorato,
1463 582 1525 620 qui
1545 582 1599 613 sic
1616 583 1787 615 inscribi-

136 629 216 658 tur:
239 624 457 658 Orationes
478 626 582 658 duae.
606 626 692 658 Vna
715 627 765 658 de
786 628 947 667 legibus
964 631 1004 660 et
1019 630 1248 670 disciplina.
1268 631 1408 664 Altera
1427 634 1477 664 de
1497 633 1662 667 Cometa
1684 636 1790 668 inter

137 679 275 711 sidera
299 679 463 710 lucente
489 679 530 710 in
555 688 743 711 mensem
771 681 1004 721 septimum,
1033 684 1248 716 continens
1274 686 1707 720 commonefactionem
1734 691 1784 721 de

137 731 472 773 impendentibus
483 733 684 772 periculis
699 734 1010 776 (Wittembergae
1031 737 1138 775 1573),
1156 738 1243 770 haec
1260 740 1423 779 legimus
1440 740 1503 772 fol.
1518 742 1544 772 C
1561 742 1595 772 2:
1618 743 1786 783 »Reperi-

137 795 227 818 mus
246 786 432 818 Cometas
453 786 519 826 qui
539 790 630 818 ante
651 787 739 819 haec
760 791 943 828 tempora
964 790 1002 820 in
1023 791 1164 822 eodem
1188 793 1318 823 octaui
1343 793 1448 825 orbis
1471 795 1558 826 loco
1582 795 1783 831 fulserunt.

138 839 220 872 fere
235 843 369 880 gentes
385 840 608 872 concitasse
620 841 778 879 Boreas,
796 842 875 873 suis
891 843 1040 874 excitas
1057 845 1226 878 sedibus,
1245 846 1294 876 ad
1310 848 1544 885 quaerendas
1556 857 1692 880 nouas.
1711 850 1783 887 Qui

139 893 302 934 Honorij
326 893 550 934 principatu
573 898 811 934 conspectus
834 899 903 933 est,
930 897 1040 928 cuius
1063 898 1240 929 meminit
1263 899 1512 937 Claudianus,
1540 901 1645 933 haud
1669 903 1784 935 dubie

137 947 258 979 finem
278 946 450 987 Imperio
472 947 689 979 occidentis
710 956 802 979 cum
823 949 921 980 tristi
943 958 989 981 ac
1010 950 1184 982 horribili
1201 952 1313 983 ruina
1331 954 1455 984 attulit
1474 979 1479 984 .
1500 979 1506 985 .
1527 979 1532 984 .
1551 954 1624 992 Qui
1641 955 1783 988 Ottone

140 1000 268 1042 primo
283 1000 505 1041 imperante
521 1001 572 1032 ad
588 1001 757 1033 eandem
773 1002 1041 1042 Cassiopaeam
1058 1003 1238 1044 flagrauit
1255 1006 1428 1039 Cometa.
1447 1007 1624 1047 Vngaros
1641 1009 1677 1040 in
1695 1010 1784 1041 Ger-

139 1053 329 1092 maniam,
346 1053 534 1086 Ottonem
551 1054 588 1085 in
605 1054 760 1086 Italiam
776 1055 948 1096 impulit.
964 1081 969 1087 .
986 1081 992 1086 .
1011 1056 1084 1094 Qui
1101 1066 1204 1089 anno
1222 1068 1243 1089 a
1260 1062 1352 1090 nato
1371 1060 1522 1092 Christo
1538 1063 1782 1102 sexagesimo

139 1116 259 1148 supra
278 1107 532 1140 millesimum
553 1108 870 1140 ducentesimum
891 1109 1036 1141 ibidem
1056 1111 1151 1141 luxit
1166 1111 1372 1152 interregni
1388 1117 1578 1154 tempore,
1601 1124 1717 1147 coma
1735 1117 1783 1147 ad

139 1161 230 1194 coeli
248 1161 425 1192 medium
445 1169 570 1201 usque
591 1162 781 1202 dispersa,
803 1163 989 1194 Carolum
1005 1164 1332 1204 Andegauensem
1351 1175 1371 1197 e
1390 1166 1527 1201 Gallia,
1550 1177 1617 1208 per
1638 1169 1784 1201 furiosa

140 1215 171 1247 ἃ
189 1215 384 1247 scelerata
404 1214 568 1246 consilia
585 1215 795 1247 Clementis
811 1216 1006 1248 Pontificis
1027 1218 1187 1248 attraxit
1203 1218 1239 1249 in
1257 1219 1442 1250 Italiam.«
1467 1220 1671 1253 Cometam
1694 1224 1783 1254 anni

142 1267 227 1300 1264
238 1267 482 1300 Hardeeium
494 1268 559 1300 hic
571 1269 780 1309 respicere,
794 1278 1038 1310 quamquam
1051 1280 1198 1302 annum
1211 1271 1326 1303 affert
1341 1273 1434 1306 1260.
1447 1273 1535 1305 inde
1548 1279 1665 1314 patet,
1679 1277 1783 1315 quod

139 1322 189 1354 de
208 1330 313 1363 papa
333 1321 534 1353 Clemente
555 1321 606 1353 IV
626 1322 874 1363 (1265-1268)
894 1326 931 1354 et
952 1324 1000 1355 de
1021 1325 1160 1364 proelio
1183 1325 1456 1358 Beneventano
1479 1328 1592 1367 (1266)
1615 1329 1785 1368 loquitur

138 1374 379 1418 (complures
395 1378 529 1407 autern
545 1376 758 1416 scriptores
775 1377 823 1408 de
834 1377 950 1417 hujus
962 1381 1131 1409 cometae
1144 1387 1247 1410 anno
1260 1380 1452 1411 erravisse
1463 1384 1628 1412 testatur
1639 1382 1783 1423 Pingre.

142 1427 483 1468 cometograpnie
494 1428 624 1471 [Paris.
642 1429 738 1472 1783]
750 1430 765 1461 I
777 1439 840 1470 pp.
852 1430 916 1461 406
927 1434 1037 1470 sqq).
1051 1431 1232 1462 Ceterum
1245 1432 1407 1464 dubium
1420 1437 1488 1467 est,
1503 1443 1552 1465 an
1566 1435 1784 1466 Leovitiurn

140 1481 391 1522 exscripserit
407 1481 645 1520 Hardeeius;
667 1483 782 1524 hujus
798 1484 902 1515 enim
922 1484 1019 1516 liber
1035 1484 1200 1516 emissus
1217 1489 1274 1516 est
1291 1486 1325 1516 d.
1348 1486 1359 1516 1
1379 1495 1430 1517 m.
1452 1487 1555 1527 Maji‚
1577 1487 1675 1519 illius
1691 1489 1726 1519 d.
1744 1488 1785 1519 20

139 1544 192 1568 m.
200 1535 310 1568 Febr.
321 1544 356 1567 a.
368 1535 463 1568 1573.
475 1535 732 1577 Quamquam
741 1538 896 1569 stellam
907 1537 1094 1569 anni1264
1104 1538 1302 1570 Leovitius
1312 1539 1482 1571 crinibus
1493 1541 1677 1574 caruisse.
1691 1542 1786 1573 Har-

140 1588 275 1621 decius
283 1596 402 1621 coma
411 1590 622 1630 praeditam
633 1590 751 1622 fuisse
762 1591 829 1627 ait;
841 1592 994 1622 stellam
1006 1591 1096 1622 anni
1105 1591 1180 1629 945,
1192 1592 1319 1623 minus
1329 1596 1480 1624 certum
1491 1597 1559 1628 est.
1570 1595 1785 1626 volueritne

139 1650 233 1674 vere
248 1645 451 1675 cometam
467 1642 587 1675 fuisse
605 1643 838 1676 Hardeeius.
1505 1685 1508 1688 ¹

184 1696 235 1728 ad
250 1705 287 1737 p.
303 1695 422 1739 328‚³a]
442 1696 519 1729 vid.
538 1697 697 1729 Ioannis
714 1697 863 1729 Ioviani
880 1698 1041 1730 Pontani
1062 1698 1123 1729 De
1141 1698 1262 1729 rebus
1278 1699 1516 1730 coelestibus
1533 1699 1643 1731 Libri
1659 1700 1782 1738 XIIII,

143 1748 295 1782 Tomus
307 1748 479 1789 Tertius,
493 1759 571 1791 quo
584 1751 835 1783 continentur
847 1750 1236 1783 Commentariorum
1250 1752 1289 1782 in
1305 1751 1473 1784 Centum
1488 1752 1648 1784 Claudii
1657 1753 1786 1785 Ptole-

138 1801 236 1836 maei
248 1802 480 1836 sententias
495 1803 589 1835 libri
603 1804 683 1836 duo
698 1805 876 1845 (Basileae
889 1814 918 1836 s.
933 1809 983 1845 a.)
999 1814 1033 1845 p.
1047 1804 1148 1836 2875:
1170 1805 1332 1836 »Crinita
1350 1807 1460 1837 stella
1478 1807 1513 1837 in
1526 1807 1684 1838 orientis
1697 1808 1783 1838 coeli

140 1859 251 1898 parte
266 1857 352 1889 visa
367 1860 438 1895 est,
456 1867 546 1898 quae
563 1858 612 1890 ab
630 1861 718 1890 ortu
734 1859 819 1899 ipso
838 1859 887 1890 ad
904 1859 1079 1890 medium
1097 1859 1242 1890 coelum
1260 1859 1386 1890 crines
1402 1859 1648 1893 diffunderet,
1669 1860 1785 1891 fulsit-

140 1918 216 1951 que
233 1910 390 1943 circiter
406 1911 610 1943 mensibus
624 1911 782 1943 tribus«
802 1931 842 1934 —
861 1912 1051 1944 Ioachimi
1069 1912 1281 1943 Camerarii
1298 1911 1359 1943 De
1376 1920 1513 1943 eorum
1532 1913 1600 1952 qui
1615 1915 1785 1945 cometae

140 1964 403 2004 appeIIantur
414 1964 661 2003 nominibus,
679 1966 835 2003 natura,
854 1964 1032 2002 caussis,
1050 1964 1350 2004 significatione
1365 1966 1522 2005 (Lipsiae
1544 1966 1638 2003 1559)
1655 1976 1688 2006 p.
1707 1967 1759 1998 73.

184 2017 236 2049 ad
250 2026 288 2058 p.
303 2017 414 2060 33:2⁶]
440 2018 452 2049 1
472 2019 627 2050 cubitus
645 2034 684 2045 z
701 2018 744 2050 24
760 2019 864 2059 digiti
880 2018 1074 2058 (Hultsch,
1099 2017 1368 2050 Griechische
1388 2019 1467 2049 und
1484 2019 1687 2051 romische
1704 2020 1786 2051 Me-

142 2070 310 2111 trologie
321 2070 366 2114 [2.
379 2072 440 2104 ed.
454 2071 621 2104 Berolini
637 2072 734 2114 1882]
746 2081 781 2113 p.
796 2072 861 2112 76).
879 2072 1076 2112 Tychonis
1088 2071 1242 2102 cubitus
1254 2072 1417 2111 aequalis
1429 2077 1512 2103 erat
1526 2073 1604 2104 fere
1615 2073 1679 2104 400
1692 2083 1784 2104 mm,

185 2124 237 2156 ad
251 2133 288 2165 p.
304 2124 423 2168 336,2⁴]
439 2125 545 2158 Inter
555 2126 754 2166 Tychonis
770 2125 1068 2158 observationes
1084 2134 1204 2155 manu
1221 2125 1386 2165 scriptas
1404 2127 1519 2158 nullae
1531 2131 1684 2157 exstant
1697 2127 1785 2157 anni

144 2177 239 2217 1572,
256 2180 375 2219 atque
392 2179 484 2211 anni
503 2179 586 2211 1573
603 2179 667 2211 hae
684 2180 793 2217 soIae,
811 2179 952 2219 quibus
968 2179 1016 2210 de
1033 2187 1136 2210 nova
1153 2179 1264 2209 stella
1281 2182 1433 2218 agatur:

715 2233 786 2265 Die
802 2233 1050 2264 Pentecostes
1070 2232 1108 2262 10
1126 2232 1215 2272 Maij

353 2285 459 2318 Inter
473 2285 670 2318 flexuram
687 2286 911 2326 Cassiopeae
972 2289 1009 2317 et
1025 2293 1172 2317 novam
1189 2286 1342 2316 stellam
1431 2287 1469 2316 5·ζ
1539 2287 1575 2317 Ο·

353 2339 459 2372 Inter
473 2348 706 2381 supremam
723 2339 956 2371 cathedram
973 2342 1010 2371 et
1079 2358 1117 2360 —
1243 2358 1280 2360 —
1430 2340 1469 2369 5’-
1517 2339 1575 2370 20’

353 2392 459 2425 Inter
474 2393 639 2425 Schedir
974 2395 1012 2424 et
1079 2411 1118 2413 —
1244 2411 1281 2413 μ
1431 2393 1469 2423 7·Ζ
1517 2392 1574 2423 52⁴

815 2447 886 2478 Die
906 2446 944 2477 14
960 2446 1118 2486 Augusti

354 2499 459 2532 Inter
474 2509 622 2532 nouam
639 2501 793 2532 stellam
811 2504 847 2532 et
864 2500 1041 2540 polarem
1409 2499 1468 2528 25·ἶ
1539 2498 1574 2528 9⁴
