2164 3246
394 191 1054 231 PROGYMNASMATUM
1076 194 1390 234 SECUNDA
1411 196 1562 235 PARS
1729 197 1806 236 355

66 308 126 341 371
207 300 292 338 His
312 301 459 346 itaque
479 300 526 336 in
546 298 665 336 hunc
685 298 869 336 modum
890 311 968 347 pro
989 299 1277 340 fundamento
1299 302 1546 348 constitutis,
1568 306 1759 351 primum
1780 305 1806 341 a

153 353 289 392 tribus
308 354 502 390 maxime
523 351 765 399 conspicuis
785 351 1023 400 Cassiopeae
1045 353 1198 398 Stellis‚
1221 367 1321 402 quae
1342 355 1444 394 huic
1466 357 1612 395 Nouae
1634 359 1804 401 vicinae,

154 418 254 446 cum
271 417 323 445 ea
339 405 707 444 Rhomboidalem
724 405 929 453 Figuram
946 409 1260 454 exprimebant,
1282 409 1467 457 idipsum
1489 411 1606 458 quod
1628 410 1803 449 institui-

153 471 264 504 mus,
290 459 503 498 trifariam
526 470 704 506 quoque
728 461 1021 506 experiemur;
1046 467 1191 509 vtpote

101 527 117 553 5
153 525 180 553 a
199 513 391 557 Schedir,
415 512 503 551 flue
524 523 625 560 quae
647 514 692 550 in
713 511 889 551 Pectore
913 513 979 558 eft,
1003 513 1192 553 secunda

153 578 352 610 numero,
374 578 401 605 a
421 577 510 614 qua
530 566 842 604 remouebatur
858 566 901 604 P.
919 567 955 605 7.
974 566 999 614 l.
1017 568 1101 608 503.
1122 569 1190 607 Ab

153 632 206 660 ea
234 631 335 668 quae
366 619 421 658 est
448 621 494 657 in
519 619 709 657 Flexura
733 621 856 658 iuxta
881 620 972 663 Ilia,
1003 633 1190 660 numero

152 679 320 723 quarta,
337 673 452 712 vnde
468 673 610 711 distitit
625 673 669 711 P.
686 673 722 711 5.
741 671 767 721 l.
784 673 824 711 2:
847 675 873 710 a
894 673 1059 712 Lucida
1078 675 1189 713 insu-

151 739 228 777 per
244 727 480 766 Cathedrae
500 727 654 765 ordine
675 726 949 771 duodecima,
972 740 1107 775 quam
1127 730 1189 766 in-

86 794 116 820 ιο
151 781 338 820 teruallo
353 786 461 829 part.
478 781 514 819 5.
534 779 560 829 l.
577 780 619 818 19
635 780 922 828 relinquebat.

205 834 290 873 His
306 834 563 873 dedomenis
580 833 797 878 adhibitis,
820 836 865 872 in
884 835 1087 883 assignata
1104 835 1189 874 De-

151 888 403 933 lineatione‚
424 887 458 926 E
479 887 845 936 praesupponatur
864 887 996 926 Polus
1018 888 1189 937 Eclipti-

152 953 227 987 cae,
248 943 373 980 cuius
390 942 533 980 Arcus
554 941 714 989 aliquis
734 940 782 979 fit
801 941 834 979 F
841 941 870 979 Ι.
893 941 1035 979 Locus
1051 943 1104 985 A.
1125 942 1189 981 su-

151 1007 351 1044 premam
372 995 444 1034 vel
467 995 680 1033 Lucidam
704 994 952 1039 Cathedrae,
977 995 1010 1033 B
1035 996 1188 1034 Flexu-

85 1062 115 1088 15
151 1060 259 1094 ram,
280 1049 322 1087 D
343 1048 524 1088 Schedir
544 1048 714 1087 referat.
736 1048 872 1086 Noua
890 1054 1038 1087 autem
1057 1049 1191 1088 Stella

150 1102 197 1142 fit
212 1105 258 1142 in
272 1102 322 1148 C,
339 1102 645 1150 ducanturque
661 1114 688 1140 a
704 1102 811 1140 Polo
828 1102 862 1140 E
878 1114 955 1150 per
971 1102 1067 1141 haec
1083 1115 1187 1150 qua-
1592 1127 1665 1360 Ι

150 1162 249 1195 tuor
270 1154 432 1205 pundia
455 1156 722 1204 quadrantes
746 1155 1026 1194 Circulorum
1052 1159 1188 1195 maio—

150 1221 261 1255 rum,
277 1210 418 1249 donec
429 1209 685 1257 Eclipticam
697 1211 951 1258 contingant
962 1212 1008 1247 in
1019 1209 1188 1257 punc’tis
1487 1166 1591 1345 ⁴

80 1329 114 1356 20
150 1328 248 1356 rum
273 1317 589 1365 Longitudines
613 1316 817 1361 indicent,
844 1317 1092 1355 Latitudine
1119 1329 1188 1356 ea-

149 1370 337 1410 rundem
352 1371 557 1409 Arcubus
575 1370 678 1408 hinc
694 1370 827 1418 vsque
843 1372 890 1408 in
906 1370 1016 1418 ipsas
1033 1370 1188 1409 Stellas

148 1426 395 1473 interceptis
410 1423 673 1463 mensurata.
691 1423 919 1470 Quoniam
935 1436 1039 1462 vero
1055 1424 1187 1472 tripli-

149 1480 253 1517 citer
277 1478 354 1526 (vti
379 1477 586 1524 diximus)
613 1489 667 1516 ex
691 1477 775 1516 hac
798 1477 888 1526 ipsa
908 1478 1187 1526 Figuratione

149 1531 272 1571 Noui
295 1531 457 1571 Sideris
482 1532 631 1570 locum
656 1543 809 1570 eruere
835 1533 1010 1570 animus
1037 1531 1103 1576 est,
1134 1544 1187 1570 ex

80 1597 113 1624 2⁵
149 1585 314 1624 Lucida
334 1584 571 1625 Cathedrae
591 1590 723 1633 atque
744 1585 934 1623 Flexura
953 1585 1071 1633 apud
1089 1586 1130 1623 A
1150 1585 1187 1623 ἃ

149 1639 183 1678 Β
198 1638 382 1688 fignatis,
400 1641 603 1678 omnium
617 1641 761 1687 primo
778 1639 821 1677 id
837 1639 1072 1677 ordiemur.
1090 1635 1105 1688 ΙΙ

62 1752 126 1785 372
148 1746 253 1785 PER
278 1746 564 1786 LUCIDAM
590 1745 952 1790 CATHEDRAE,
980 1745 1186 1792 ATQUE

149 1808 423 1848 STELLAM
449 1809 513 1847 IN
536 1808 812 1847 FLEXURA
835 1808 1185 1853 CASSIOPEAE,

321 1871 514 1911 NOUAE
535 1871 772 1910 STELLAE
793 1870 1011 1910 LOCUM

78 1945 112 1973 30
499 1933 834 1981 INQUIRERE.

652 1997 682 2034 Ι.

239 2067 491 2107 UONIAM
501 2070 547 2106 in
554 2067 795 2116 Triangulo
803 2067 918 2105 ABE
929 2067 1088 2105 dantur
1097 2066 1185 2104 duo

246 2121 403 2160 Latera
412 2121 697 2170 cumAngulo
707 2123 958 2168 intercepto,
967 2120 1045 2158 AE
1054 2120 1185 2158 Com-

148 2174 420 2222 plementum
436 2175 710 2218 Latitudinis,
734 2177 827 2212 eius
846 2185 946 2221 quae
964 2176 1008 2211 in
1027 2173 1184 2212 Cathe-

78 2239 112 2266 35
148 2227 226 2266 dra
237 2228 304 2273 est,
316 2229 495 2276 part.38.
506 2227 625 2277 s.45⁷}.
639 2228 772 2266 Latus
786 2228 861 2266 BE
875 2227 1185 2274 Complemen-
1236 2250 1259 2287 F
1425 2247 1463 2284 G
1636 2245 1690 2287 Η
1737 2244 1752 2282 ι

147 2286 240 2320 tum
251 2281 512 2321 Latitudinis
525 2282 670 2321 Stellae
687 2284 809 2320 iuxta
826 2281 905 2319 Ilia
921 2283 967 2318 in
983 2281 1183 2323 Flexura,

146 2341 253 2383 part.
266 2335 320 2373 41.
334 2334 360 2384 l.
373 2336 426 2374 14.
443 2336 673 2384 Angulum
684 2347 789 2373 vero
802 2335 926 2372 ΑΕΒ
939 2335 993 2372 ab
1006 2334 1073 2372 his
1086 2332 1478 2381 compraehensum,
1491 2334 1665 2370 metitur
1678 2331 1796 2370 diffe-

147 2390 287 2427 rentia
298 2389 601 2438 Longitudinis
614 2389 856 2427 earundem
869 2388 1103 2427 Stellarum
1116 2393 1222 2434 part.
1236 2387 1271 2424 8.
1286 2385 1310 2433 l.
1324 2386 1386 2424 52.
1406 2386 1509 2423 Non
1524 2387 1650 2433 igitur
1665 2385 1796 2423 latere

146 2444 302 2489 poterit
321 2442 542 2490 reliquum
563 2443 697 2481 Latus
718 2442 813 2485 BA.
835 2448 942 2489 part.
964 2441 1000 2479 6.
1024 2440 1048 2487 l.
1071 2441 1146 2483 12³.
1171 2440 1405 2478 Stellarum
1426 2439 1496 2477 hic
1518 2439 1796 2476 assumtarum

77 2506 112 2532 4ο
147 2494 203 2533 ab
222 2497 414 2534 inuicem
436 2498 730 2534 remotionem
748 2497 835 2533 vna
859 2494 1186 2543 repraesentans,
1211 2505 1311 2541 quae
1335 2504 1435 2531 cum
1459 2492 1624 2530 caelitus
1648 2491 1795 2582 irgll'tru-

253 2557 303 2582 ⁴⁵·
1552 2552 1670 2582 ment
1719 2551 1796 2581 iter

150 1263 183 1302 F
189 1263 324 1303 GHI.
360 1262 644 1302 Manifestum
670 1262 737 1307 est,
768 1263 887 1310 quod
916 1263 1012 1301 haec
1038 1263 1187 1302 Stella·
1434 1258 1588 1507 Α,
