2164 3246
522 211 1040 253 ANNOTATIONES
1061 214 1364 255 EDITORIS
1699 219 1766 255 441

163 319 267 351 Inter
280 318 478 359 ingentem
493 316 727 349 chartarum
744 317 959 350 mixtarum
972 319 1170 360 Tychonis
1187 321 1347 359 molem,
1365 330 1455 361 quae
1470 321 1509 352 in
1525 321 1767 354 Bibliotheca

120 374 302 406 Caesarea
312 370 609 403 vindobonensi
626 374 864 408 asservatur,
881 372 956 403 tria
972 373 1218 413 reperiuntur
1233 373 1326 406 folia
1342 374 1473 406 forma
1491 376 1684 414 quadrata
1701 376 1768 406 mi-

120 434 215 459 nore
234 425 376 466 (codex
391 424 709 456 vindobonensis
729 425 794 455 lat.
815 424 990 463 10688⁴-⁵,
1011 426 1091 458 foll.
1111 426 1244 466 9—11),
1267 436 1356 467 quae
1376 431 1555 468 tempore
1576 437 1654 460 non
1676 429 1768 460 indi-

120 482 211 513 cato
230 486 442 511 numerum
461 477 637 509 indicant
657 478 933 518 exemplorum
956 479 1042 511 libri
1062 480 1316 517 exstantium;
1341 480 1428 512 haec
1453 485 1585 512 autem
1609 482 1767 514 exhibet

120 533 186 566 fol.
206 532 279 564 llr:

385 576 694 610 Progymnafmatum
710 576 771 603 dess
786 575 882 602 ersten
897 577 966 603 teils
982 577 1044 604 lein
1061 582 1168 611 gantze
1450 580 1500 605 407

384 620 417 647 in
433 620 536 647 denen
553 621 606 647 der
622 621 793 655 Catalogus
809 620 940 647 fixarum
957 623 1094 656 mangelt
1449 624 1501 649 607

384 664 416 691 in
433 665 536 692 denen
553 665 606 691 der
621 665 792 699 Catalogus
809 665 939 692 fixarum
956 668 1092 700 mangelt
1108 668 1173 693 und
1189 668 1230 693 lit.
1249 668 1342 693 ΜΜ.ι
1453 669 1500 694 143

384 709 606 744 mittelmessige
1468 712 1500 738 34

383 754 577 781 verdorbene
1485 757 1501 782 6

383 808 514 834 Summa
530 807 606 834 aller
624 808 839 842 Exemplarien
856 809 897 835 im
917 809 1018 835 Ersten
1033 809 1085 836 teil
1103 794 1409 843 Progymnafmatum
1435 793 1500 836 1197

723 861 785 880 von
801 853 903 880 diesen
920 853 982 880 rein
998 854 1049 880 400
1065 854 1131 880 auff
1145 854 1324 881 Franckfurt
1341 854 1499 887 geschiclct.

162 915 233 942 Vnd
247 914 365 942 miissen
380 922 452 941 zum
467 914 636 948 wenigssen
653 915 837 942 andenhalb
858 916 993 943 hundert
1008 917 1081 943 erste
1097 917 1198 950 bogen
1215 916 1351 943 nemlieh
1370 916 1390 942 Β
1406 916 1597 942 wiederumb
1620 917 1765 950 gedruckt

119 960 252 987 werden.

152 1004 234 1034 ⁴Dess
248 1004 392 1038 gleichen
408 1004 462 1031 der
477 1004 575 1031 ander
590 1004 697 1038 Bogen
713 1005 850 1032 nemlich
867 1005 892 1031 C
908 1005 957 1032 ein
975 1006 1193 1032 halbhundert.

163 1049 222 1076 Die
241 1049 374 1083 fibrigen
395 1049 590 1083 Exemplaria
609 1049 640 1076 Io
659 1058 730 1076 zum
752 1049 919 1083 wenigsten
940 1050 1086 1076 mochten
1106 1050 1158 1076 200
1177 1050 1248 1079 l'ein,
1268 1049 1329 1076 l'ein
1350 1050 1592 1076 vnvolkommen
1613 1050 1682 1076 bore
1703 1051 1764 1076 vnd

119 1096 200 1128 gutte
214 1093 453 1128 vnaussgelelen.

162 1164 224 1198 Sic
240 1165 476 1205 explanatur
491 1164 766 1197 dissimilitudo
783 1165 963 1197 editionis
979 1165 1163 1206 principis
1179 1165 1271 1196 anni
1289 1165 1372 1196 1602
1386 1168 1503 1205 atque
1515 1165 1626 1202 illius,
1644 1174 1763 1205 quam

119 1227 223 1252 anno
241 1218 325 1251 1610
339 1218 587 1251 Francofurti
603 1219 732 1250 emisit
749 1218 986 1251 Godefridus
1001 1219 1203 1258 Tampach
1224 1218 1447 1258 bibliopola.
1471 1218 1506 1250 Is
1523 1219 1669 1250 addidit
1686 1227 1763 1251 non

117 1273 247 1307 solum
266 1272 422 1304 titulum
442 1274 624 1310 novum²‚
645 1272 715 1304 sed
736 1272 856 1304 etiam
877 1272 1155 1312 praefationem
1174 1272 1365 1303 heredum
1387 1275 1424 1303 et
1445 1272 1720 1312 quaterniones
1737 1272 1763 1302 B

119 1329 158 1360 et
171 1326 200 1359 C
217 1325 255 1369 (i.
272 1334 305 1359 e.
322 1335 386 1367 pp.
402 1325 527 1368 9—24)
546 1326 677 1358 denuo
697 1325 802 1366 typis
823 1325 1105 1358 describendos
1126 1326 1277 1357 curavit
1298 1328 1415 1365 atque
1436 1325 1473 1356 in
1494 1325 1763 1365 compluribus

118 1380 258 1413 saltem
269 1379 460 1420 exemplis
470 1379 727 1420 permutavit;
741 1379 908 1420 denique
921 1379 1198 1419 quaterniones
1210 1379 1434 1419 catalogum
1447 1379 1647 1410 stellarum
1659 1387 1765 1410 eorn-

118 1435 344 1476 plectentes,
366 1441 466 1474 quos
485 1433 587 1465 ratio
608 1442 728 1473 supra
749 1433 869 1464 allata
889 1432 1081 1473 exemplis
1102 1432 1165 1463 750
1185 1432 1355 1464 defuisse
1376 1432 1531 1467 indicat,
1555 1432 1682 1464 denuo
1703 1432 1764 1463 de-

119 1487 286 1530 scriptos
301 1486 461 1519 addidit.
485 1486 559 1519 Hie
576 1495 732 1519 errores
748 1487 980 1527 plerumque
996 1486 1178 1523 correxit,
1197 1494 1294 1525 quos
1311 1486 1471 1517 denotat
1487 1485 1602 1516 index
1620 1488 1764 1516 errato-

118 1550 223 1580 rum;
243 1541 327 1582 ipse
341 1548 438 1573 vero
454 1549 535 1573 non
550 1549 702 1581 paucos
717 1541 766 1572 de
782 1549 854 1572 suo
873 1539 1008 1571 intulit.
1032 1539 1130 1571 Haec
1148 1539 1265 1571 editio
1282 1547 1384 1570 nunc
1402 1540 1525 1570 multo
1542 1539 1686 1578 saepius
1703 1547 1764 1570 oe-

119 1594 240 1628 currit
254 1603 377 1636 quam
391 1594 575 1635 princeps
590 1594 667 1626 illa.

162 1648 202 1681 Si
218 1648 376 1681 titulum
395 1647 638 1689 inspicimus,
659 1647 788 1688 primo
810 1650 972 1688 aspectu
993 1647 1115 1679 verba
1140 1646 1285 1677 »Prima
1306 1654 1415 1686 pars«
1439 1645 1543 1688 idem
1564 1645 1695 1676 valere
1712 1645 1763 1675 vi-

119 1702 260 1735 dentur
278 1702 385 1743 quod
404 1701 498 1733 illud
518 1701 655 1733 »Liber
671 1701 706 1732 I«
729 1709 799 1742 per
816 1704 944 1733 totum
961 1701 1146 1732 volumen
1166 1699 1205 1731 in
1225 1699 1390 1731 summis
1410 1699 1558 1739 paginis
1579 1698 1761 1738 positum.

118 1755 261 1789 librum
275 1755 424 1788 scilicet
439 1755 614 1796 primum
629 1763 715 1787 esse
732 1763 752 1787 e
768 1754 892 1786 tribus
909 1754 993 1791 illis,
1011 1754 1058 1785 de
1075 1762 1179 1785 nova
1195 1753 1307 1784 stella
1324 1752 1414 1783 anni
1433 1752 1526 1789 1572,
1545 1752 1592 1782 de
1606 1755 1763 1782 cometa

120 1809 211 1842 anni
232 1809 328 1847 1577,
349 1809 398 1841 de
418 1808 503 1841 aliis
523 1808 690 1841 cometis
707 1817 730 1840 a
745 1808 933 1848 Tychone
952 1807 1182 1843 observatis,
1205 1815 1303 1846 quos
1319 1805 1454 1846 Tycho
1471 1805 1647 1836 emittere
1664 1804 1764 1835 insti—

118 1863 266 1896 tuisset.
283 1862 377 1895 Veri
390 1862 554 1895 similius
568 1864 704 1894 tamen
720 1865 790 1899 est,
813 1861 1003 1902 »primam
1020 1864 1192 1900 partem«
1212 1859 1342 1899 capita
1358 1859 1442 1890 sola
1459 1858 1628 1898 primum
1647 1866 1692 1889 ac
1709 1866 1765 1888 se-

121 1916 294 1949 cundum
313 1905 544 1957 complecti;
566 1924 661 1947 nam
682 1918 773 1947 ante
793 1918 913 1955 caput
932 1914 1090 1946 tertium
1110 1913 1247 1953 legitur
1266 1913 1375 1943 »Pars
1392 1911 1599 1944 secunda«,
1621 1914 1658 1942 et
1675 1913 1764 1941 ante

121 1972 239 2011 caput
255 1971 444 2002 octavum
462 1970 574 2001 »Pars
588 1969 738 2001 tertia«.

164 2022 208 2056 In
227 2025 363 2056 nostra
383 2023 553 2055 editione
572 2022 718 2063 ubique
740 2022 800 2054 usi
821 2029 959 2053 sumus
982 2029 1060 2052 uno
1084 2027 1223 2061 genere
1246 2022 1449 2058 typorum;
1474 2021 1513 2048 at
1536 2017 1573 2048 in
1596 2016 1764 2048 editione

121 2076 294 2118 principe
314 2077 428 2118 plura
447 2085 592 2118 genera
612 2078 838 2108 occurrunt.
862 2074 990 2115 Major
1010 2073 1095 2105 libri
1116 2081 1208 2113 pars
1225 2076 1342 2112 typos
1358 2071 1452 2103 satis
1468 2078 1631 2110 magnos
1649 2074 1764 2109 atque

120 2129 327 2162 inclinatos
346 2130 517 2167 exhibet,
541 2130 595 2162 ita
615 2133 657 2161 ut
677 2129 839 2170 singulae
862 2128 1015 2168 paginae
1035 2126 1077 2157 29
1097 2127 1157 2157 vel
1179 2125 1222 2157 30
1242 2134 1378 2156 versus
1399 2124 1640 2157 contineant:
1666 2128 1704 2153 at
1729 2123 1764 2153 in

121 2185 232 2224 parte
246 2183 334 2215 libri
349 2183 456 2216 haud
471 2183 612 2225 exigua
623 2186 741 2224 typos
753 2183 927 2214 minores
939 2184 1056 2221 atque
1068 2183 1221 2212 erectos
1233 2178 1465 2210 invenimus.
1484 2178 1546 2216 qui
1560 2177 1596 2207 in
1610 2176 1766 2215 singulis

166 2255 174 2274 ¹
191 2254 210 2281 i.
225 2262 250 2282 e.
265 2263 315 2289 pp.
330 2255 480 2282 273—280.

164 2299 177 2318 ²
193 2299 254 2327 Hic
268 2299 377 2327 titulus
393 2307 411 2326 a
426 2300 527 2333 priore
543 2299 584 2326 ita
599 2299 708 2328 differt.
725 2301 756 2325 ut
773 2298 908 2332 primum
925 2300 992 2331 post
1009 2304 1124 2323 nomen
1136 2294 1294 2328 Tychonis
1310 2294 1407 2320 Brahe
1425 2293 1563 2319 additum
1581 2292 1616 2317 sit
1639 2292 1765 2317 verbum

124 2343 250 2374 »Dani«.
265 2344 378 2371 deinde
390 2344 561 2378 imaginem
573 2344 715 2370 exhibeat
727 2343 830 2376 angeli
842 2343 916 2368 tuba
929 2341 1077 2369 canentis.
1090 2349 1106 2366 a
1119 2340 1209 2372 cujus
1221 2339 1359 2372 partibus
1372 2338 1481 2371 legitur
1498 2341 1602 2363 »Anno
1617 2337 1646 2361 M
1654 2336 1765 2362 DCX·‹:

121 2387 258 2422 denique
277 2388 309 2415 in
330 2388 393 2415 ima
413 2388 529 2423 pagina
550 2389 618 2415 haec
638 2389 796 2422 leguntur:
823 2385 954 2413 »Exeudi
975 2385 1110 2418 primum
1132 2386 1232 2417 coepta
1253 2382 1439 2415 Vraniburgi
1462 2381 1581 2408 Daniae.
1603 2380 1640 2406 ass
1665 2381 1765 2411 Pragm-

122 2431 281 2459 Bohemiae
297 2433 444 2460 absoluta.
462 2432 596 2459 Prostant
609 2431 800 2459 Francofurti
818 2431 901 2464 apud
913 2429 1116 2456 Godefridum
1128 2427 1365 2461 Tampachium.
1382 2427 1461 2452 Cum
1475 2425 1601 2452 Caeraris
1613 2425 1636 2450 ἃ
1652 2425 1764 2455 Regum

123 2477 321 2510 quorundam
341 2477 543 2511 priuilegiisw.
563 2492 597 2495 —
618 2477 695 2503 Sunt
711 2476 803 2502 etiam
820 2475 959 2508 exempla
976 2473 1120 2500 editionis
1139 2472 1259 2505 prioris.
1281 2472 1333 2497 ubi
1351 2479 1453 2497 annus
1475 2473 1618 2503 appareat
1638 2469 1710 2494 1603,
1732 2477 1765 2493 ac

122 2523 268 2554 preterea
284 2529 379 2556 supra
394 2521 565 2556 imaginem
582 2522 725 2555 legantur
741 2521 834 2547 verba
854 2518 1020 2545 »Praemissa
1036 2517 1074 2544 est
1091 2517 1238 2543 Authoris
1252 2516 1349 2544 Vitam
1367 2523 1467 2548 neque
1483 2518 1586 2539 tamen
1604 2514 1680 2538 inest
1698 2513 1764 2537 vita.

229 2575 263 2601 56
