2326 3277
483 236 534 273 26
856 229 1310 269 ASTRONOMIAE
1330 227 1752 267 INSTAURATAE

481 339 688 381 secundis,
709 337 778 375 sed
799 336 870 374 hic
890 335 1024 383 paulo
1045 335 1353 378 limitatiorem‚
1372 333 1409 371 &
1425 336 1471 371 in
1487 333 1687 381 pauculis
1702 333 1912 380 scrupulis
1927 333 2125 372 secundis

480 392 743 429 subtiliorem
767 388 1118 435 exactioremque
1139 388 1232 425 Poli
1252 387 1542 425 Altitudinem
1565 386 1769 434 applicui.
1793 386 1862 424 Sic
1885 388 2018 425 etiam
2037 387 2124 425 De·

480 444 713 482 clinatione
729 444 925 480 maxima
940 448 1032 479 tum
1049 446 1278 479 contentus
1294 451 1416 478 eram
1427 440 1470 477 P.
1482 440 1546 478 23.
1559 440 1622 477 Μ.
1636 439 1677 477 31
1688 439 1877 487 praecise,
1894 451 1994 487 quae
2006 451 2125 478 nunc

480 495 671 534 exactius
685 496 916 539 assumitur,
933 494 1114 532 dimidio
1125 493 1324 531 videlicet
1335 493 1537 540 scrupulo
1548 495 1702 530 maior.
1720 494 1866 540 Atque
1879 504 1932 531 ex
1943 492 2012 531 his
2024 504 2124 531 con·
2163 502 2184 534 †

479 549 749 587 currentibus
771 547 906 586 causis
926 559 1002 595 per
1022 547 1062 585 se
1083 547 1262 594 quidem
1282 558 1373 584 non
1394 546 1506 584 adeo
1523 545 1811 590 euidentibus,
1833 557 1886 584 ea
1906 546 2126 585 tantillula

478 601 700 640 diuersitas
720 603 765 638 in
781 602 979 648 Apogaeo
1001 600 1038 638 8(
1059 600 1383 638 Eccentrieitate
1405 599 1460 637 ad
1476 600 1661 637 Annum
1682 599 1789 643 1583,
1811 601 1938 637 tacite
1957 599 2042 638 sese
2062 601 2126 637 in·

478 655 685 699 sinuabat,
703 666 803 702 quae
819 660 968 692 tamen
984 653 1280 691 insensibiliter
1296 652 1408 691 Solis
1424 658 1595 690 motum
1611 652 1796 690 alterare
1812 654 1964 700 potuit.

531 709 676 755 Atque
693 707 768 745 ista
783 707 980 745 hocloco
996 706 1232 744 indicanda
1248 706 1365 750 duxi,
1385 712 1428 743 vt
1443 706 1518 750 illi,
1540 707 1616 753 qui
1632 705 1946 753 Ephemerides
1962 705 2126 744 nostras

482 763 524 805 Θ
548 763 638 799 iam
658 766 788 798 antea
808 761 1099 805 obtinuerant,
1121 771 1231 807 quas
1253 771 1275 797 e
1297 759 1598 797 constitutione
1614 760 1800 807 Apogaei
1817 758 1855 796 8(
1871 759 2126 797 Eccentrici-

478 816 576 852 tatis
592 825 711 852 anno
728 813 821 852 1583
838 816 1020 851 inuenta
1039 813 1386 860 supputauimus‚
1408 814 1600 850 rationes
1617 814 1749 850 etiam
1765 824 1842 850 cur
1861 812 1958 850 haec
1973 812 2126 851 vltima
2167 821 2197 847 ιο

478 867 682 905 restitutio
698 869 743 904 in
759 866 969 914 scrupulis
984 866 1181 904 secundis
1197 871 1366 904 motum
1381 865 1493 904 Solis
1509 877 1601 903 non
1616 865 1777 913 vbique
1793 865 1976 904 similem
1990 867 2126 913 priori

479 920 692 964 exhibeat,
714 922 906 967 cognitas
923 920 1150 963 haberent;
1172 925 1303 966 vtque
1319 931 1407 957 vna
1423 919 1615 957 constare
1631 919 1772 966 posset‚
1788 918 1903 957 vnde
1920 918 2051 957 Libro
2066 918 2125 957 se-

478 979 637 1020 quente
650 973 1021 1011 Eccentrieitatem
1033 973 1163 1021 ipfius
1174 975 1220 1010 in
1232 972 1475 1020 Hypothefi
1485 971 1684 1010 Cometae
1697 973 1960 1019 exponenda
1969 972 2125 1020 Capite

480 1025 649 1065 octauo
661 1026 975 1064 assumserimus
986 1032 1093 1073 part.
1104 1026 1193 1070 360,
1206 1026 1405 1073 qualium
1416 1025 1735 1063 semidiameter
1744 1025 1981 1064 Eccentrici
1991 1025 2124 1070 10000,

478 1079 688 1126 fiquidem
712 1081 748 1116 is
772 1091 983 1117 numerus
1009 1091 1144 1126 quam
1168 1081 1367 1126 proxime
1393 1079 1557 1117 accedit
1581 1079 1637 1117 ad
1661 1080 1967 1117 inuentionem
1991 1079 2125 1117 modo
2166 1088 2196 1114 1⁵

477 1132 725 1176 indicatam,
756 1133 1131 1179 quemadmodum
1156 1133 1404 1180 Apogaeum
1434 1134 1567 1170 etiam
1596 1132 1758 1170 ibidem
1787 1132 1922 1180 paulo
1946 1132 2126 1170 vlterius

477 1191 728 1233 promotum
751 1187 986 1229 inuenitur,
1010 1186 1127 1233 quod
1151 1187 1283 1223 etiarn
1305 1185 1419 1223 hisce
1442 1185 1539 1233 alijs
1560 1185 1951 1224 obseruationibus
1972 1197 2124 1233 quam-

477 1241 675 1286 proxime
691 1238 911 1283 fundatur‚
928 1241 1239 1286 anticipatione
1252 1244 1402 1277 tamen
1413 1238 1691 1286 aliquantula
1702 1238 1897 1277 consulto
1908 1237 2032 1278 faeta.
2049 1239 2125 1277 At-

478 1303 562 1339 que
579 1291 674 1330 haec
691 1292 743 1329 de
759 1291 827 1329 his
843 1293 1051 1330 monuisse
1068 1291 1261 1330 sufficiat.
1279 1288 1294 1342 ΙΙ

2163 556 2179 581 ΩΙ

563 1398 603 1436 Χ
620 1397 702 1436 hac
718 1398 959 1437 adinuenta
971 1398 1308 1437 Eccentrieitatis
1320 1400 1562 1446 quantitate
1573 1397 1969 1446 Prosthaphaereses
1979 1404 2126 1437 motus
2158 1406 2202 1438 29

577 1451 689 1490 Solis
700 1451 755 1489 ad
767 1451 955 1500 fingulos
967 1452 1126 1500 gradus
1139 1452 1374 1490 Eccentrici
1387 1452 1561 1497 deduxi,
1575 1458 1619 1490 vt
1631 1451 1823 1491 constare
1834 1452 1975 1500 posset‚
1988 1463 2125 1500 quan·

477 1511 569 1543 turn
586 1505 838 1543 addendum
854 1505 1180 1543 demendumue
1196 1505 1241 1543 fit
1258 1506 1404 1543 medio
1417 1505 1454 1543 8(
1466 1505 1630 1553 aequali
1645 1507 1785 1544 motui
1801 1517 1878 1554 per
1893 1511 2034 1544 totum
2045 1505 2125 1544 Or—

477 1559 575 1596 bem
592 1558 794 1596 curriculi
811 1558 987 1603 Solaris,
1004 1564 1135 1606 vtque
1153 1561 1247 1597 eius
1262 1558 1386 1597 locus
1401 1570 1531 1597 verus
1543 1570 1566 1596 e
1577 1558 1726 1603 Terra,
1744 1559 1909 1598 Centro
1924 1558 2125 1603 vniuerfi‚

476 1612 693 1659 prodiens,
710 1611 1005 1650 innotesceret.
1024 1612 1149 1650 Ratio
1165 1618 1314 1650 autem
1331 1623 1419 1660 qua
1430 1611 1826 1660 Prosthaphaereses
1842 1612 1930 1650 illae
1946 1614 2126 1661 conqui-

477 1665 563 1703 sitae
579 1665 686 1709 sunt,
703 1667 749 1702 in
764 1664 883 1703 hunc
899 1665 1083 1703 modum
1098 1665 1138 1703 se
1155 1665 1298 1704 habet.
2163 1675 2197 1700 25

530 1718 796 1766 Intelligatur
820 1721 867 1756 in
891 1718 1085 1767 apposito
1110 1718 1340 1757 Schemate
1365 1719 1640 1757 Eccentricus
1663 1719 1775 1757 Solis
1798 1730 1874 1767 per
1897 1718 2126 1758 Circulum

477 1771 601 1815 AGI,
626 1774 749 1809 cuius
773 1772 987 1810 Centrum
1009 1771 1055 1810 fit
1078 1771 1128 1817 C,
1153 1771 1367 1810 Centrum
1390 1784 1495 1810 vero
1519 1772 1681 1810 Mundi
1704 1772 1792 1810 fiue
1812 1772 1949 1811 Terra
1971 1772 2027 1816 D,
2050 1783 2127 1820 per

477 1836 577 1872 quae
594 1825 681 1862 duo
698 1825 795 1863 loca
811 1826 994 1864 ducatur
1010 1825 1139 1869 linea,
1156 1825 1288 1873 vsque
1305 1826 1411 1863 dum
1426 1828 1646 1874 contingat
1657 1828 1859 1873 vtrinque
1872 1825 2038 1864 Circuli
2049 1828 2126 1864 cir-

477 1878 820 1923 cumferentiam,
841 1891 941 1926 quae
957 1879 1003 1917 fit
1019 1879 1189 1923 ACDI,
1206 1878 1482 1917 manifestum
1499 1879 1554 1917 est
1570 1879 1689 1926 quod
1706 1879 1793 1918 CD
1809 1879 1856 1917 fit
1872 1879 2126 1917 Eccentrici·

476 1937 552 1974 tas,
570 1943 670 1979 quae
682 1932 824 1970 nostro
836 1944 936 1970 aeuo
950 1932 1009 1980 (vt
1022 1929 1036 1982 ΙΙ
1048 1932 1330 1979 ostendimus)
1342 1939 1513 1980 reperta
1525 1932 1580 1970 est
1591 1935 1782 1980 partium
1793 1933 1909 1977 3584,
1926 1932 2127 1980 qualium
2160 1940 2203 1972 30

477 1984 557 2023 AC
579 1985 910 2023 Semidiameter
930 1986 1151 2024 assumitur
1172 1986 1336 2024 100000:
1360 1986 1482 2024 locus
1504 1985 1616 2024 Solis
1637 1986 1902 2034 intelligatur
1922 1985 1992 2024 vel
2012 1988 2058 2024 in
2078 1985 2126 2030 Β.

476 2038 545 2075 vel
567 2038 609 2076 G
631 2045 705 2076 aut
727 2039 785 2081 1-1.
810 2051 914 2077 nam
937 2051 1038 2077 curn
1061 2039 1116 2077 est
1139 2041 1184 2077 in
1205 2041 1245 2077 A
1266 2045 1341 2077 aut
1362 2039 1392 2081 Ι,
1416 2040 1616 2087 Apogaeo
1637 2039 1835 2078 videlicet
1859 2039 1896 2077 8(
1920 2039 2126 2088 Perigaeo,

477 2092 646 2129 nullam
666 2092 839 2138 prorsus
860 2093 1044 2130 admittit
1065 2092 1471 2140 Prol'thaphaerefin,
1496 2093 1767 2131 coincidente
1790 2099 1893 2131 tunc
1916 2093 2013 2131 loco
2032 2092 2126 2131 fim-

477 2144 574 2191 plici
597 2156 696 2182 curn
713 2157 829 2182 vero.
852 2145 1084 2184 Ducantur
1104 2152 1253 2184 autern
1275 2158 1327 2184 ex
1348 2145 1417 2183 his
1438 2147 1574 2184 tribus
1595 2147 1864 2194 intermedijs
1884 2146 1991 2184 locis
2010 2146 2127 2185 binae

477 2198 605 2235 lineae
627 2209 652 2235 a
675 2198 707 2235 Β
730 2198 767 2235 8(
790 2198 831 2236 G
853 2199 890 2236 8(
912 2199 970 2239 H,
992 2199 1170 2247 fingulae
1191 2200 1246 2237 ad
1268 2199 1318 2243 C,
1340 2205 1538 2237 centrum
1560 2199 1796 2238 Eccentrici
1813 2199 1851 2237 8(
1867 2199 1909 2238 D
1929 2206 2127 2238 centrum
2166 2209 2198 2235 ³5

476 2250 640 2292 Terrae:
654 2251 839 2298 Jamque
857 2263 932 2298 per
949 2252 1043 2290 haec
1060 2255 1141 2290 tria
1157 2253 1254 2291 loca
1271 2253 1663 2300 Prosthaphaeresin
1680 2253 1857 2291 scrutari
1873 2253 2032 2292 lubeat.

531 2304 590 2341 Sit
612 2306 802 2350 primurn
824 2305 898 2342 Sol
920 2307 964 2342 in
987 2306 1032 2347 Β,
1055 2305 1212 2343 distans
1233 2306 1287 2344 ab
1304 2307 1502 2353 Apogaeo
1522 2313 1628 2354 part.
1646 2306 1709 2349 30.
1732 2318 1867 2354 quam
1888 2309 2126 2354 intercape-

477 2357 624 2394 dinem
641 2360 815 2395 metitur
827 2359 1028 2405 Angulus
1046 2359 1185 2401 ΒΕΑ,
1203 2361 1280 2397 erit
1298 2361 1444 2406 itaque
1457 2361 1501 2396 in
1514 2359 1753 2408 Triangulo
1771 2360 1899 2398 BCD
1911 2360 2126 2408 Angulus.

477 2412 550 2456 qui
568 2411 622 2448 ad
636 2410 672 2448 C
686 2418 827 2453 notus,
846 2411 899 2448 est
917 2414 1034 2449 enirn
1052 2415 1207 2459 prioris
1224 2412 1596 2459 complementum
1608 2414 1663 2451 ad
1676 2414 1788 2451 duos
1799 2412 1949 2456 rectos.
1967 2420 2009 2451 vt
2025 2425 2126 2452 con-

476 2463 550 2500 stat
567 2475 589 2500 e
607 2466 827 2512 tyrocinijs
846 2465 1148 2507 Geometricis.
1171 2466 1314 2513 estque
1336 2465 1419 2503 hoc
1441 2466 1537 2503 loco
1560 2467 1642 2504 150:
1665 2467 1768 2504 bina
1784 2478 1889 2504 vero
1910 2467 2047 2505 latera
2065 2469 2125 2515 ip·
2164 2475 2198 2501 ⁴0

476 2516 568 2554 sum
586 2517 811 2564 Angulum
829 2521 1096 2556 continentia
1115 2521 1246 2557 etiam
1268 2525 1371 2556 nota
1393 2518 1500 2561 sunt,
1523 2519 1601 2557 BC
1619 2519 1951 2558 Semidiameter
1968 2520 2125 2558 Eccen-

2033 2575 2125 2612 ttici
