2248 3298
135 410 176 442 42

158 572 176 599 5

141 840 176 867 to

142 1109 174 1136 1⁵

138 1377 175 1405 2⁰

133 1483 178 1517 4·-

138 1647 175 1674 2⁵

509 241 1172 285 PROGYMNASMATUM
1194 247 1401 286 PRIMA
1422 247 1574 287 PARS
1853 249 1877 287 7

212 361 375 389 norum
400 349 514 398 Rege
539 349 857 389 FRIDERICO
881 350 938 389 ob
963 352 1178 402 prosapiae
1203 354 1493 403 splendorem.
1520 355 1558 394 ἃ
1583 355 1879 395 Astronomiae

213 415 414 443 amorem
434 400 729 454 amplissi·ssma
748 403 920 448 habuit;
941 404 1012 444 sed
1034 406 1072 444 ὅτ
1093 419 1148 446 ex
1167 411 1347 456 proprio
1368 410 1543 458 peculio
1562 410 1677 448 ultra
1694 416 1880 449 centena

211 456 487 496 thalerorum
502 457 643 496 millia
658 460 705 496 in
720 457 817 496 haec
834 457 988 498 Studia
1003 461 1279 509 impenderit.

266 510 385 550 Cum
400 516 551 550 autem
566 511 656 560 post
667 511 784 550 illius
796 511 1072 552 laudatissimi
1084 515 1210 564 Regis
1224 516 1393 555 obitum
1405 517 1614 565 impensae
1627 529 1731 557 eum
1742 530 1879 567 prope

212 563 447 604 defeeturae
462 565 729 607 viderentur.
751 565 992 614 Majestatis
1008 566 1119 607 Tuae
1136 569 1479 609 Clementissimo
1499 572 1672 610 decreto
1694 584 1717 610 e
1738 574 1880 620 patria

211 617 300 658 huc
313 624 535 660 evocatus,
551 619 596 657 id
608 621 741 657 unice
752 630 936 667 operam
948 620 1077 663 dedit.
1095 634 1185 670 quo
1197 622 1392 662 Tabulas
1406 623 1442 663 C
1447 624 1662 664 oelestium
1676 634 1880 665 motuum

211 671 625 715 RVDOLPHEAS‚
647 672 935 721 Alphonfinis
952 673 991 712 &
1007 674 1294 724 Coperniceis
1315 677 1444 726 longe
1466 678 1743 726 perfectiores
1764 692 1878 719 mor-

209 725 372 765 talibus
389 728 723 775 quamprimum
737 726 962 775 panderet.
979 734 1115 776 utque
1127 729 1410 769 Astronomia
1426 743 1502 779 per
1517 732 1612 781 Maj
1618 733 1757 772 estatis
1769 734 1879 773 Tuae

210 778 532 823 liberalitatem,
558 781 648 828 qua
671 779 713 818 se
738 780 936 819 Parentis
961 781 1092 820 nostri
1116 782 1360 832 sumptibus
1386 785 1685 825 consulturam
1710 788 1879 835 prolixe

210 833 407 882 pollicita
422 839 527 877 erat,
540 833 580 872 ἀ
590 833 686 882 Maj
691 833 799 872 estas
810 833 909 873 Tua
922 846 1000 882 per
1010 835 1342 876 Astronomiam
1354 846 1571 878 aeternum
1583 843 1760 882 viveret.
1779 854 1880 880 cum

211 898 312 926 ecce
320 886 474 927 DEVS
483 887 608 926 illum
620 887 769 936 inipso
779 890 919 927 aetatis
929 888 968 927 ἀ
978 892 1123 938 operis
1132 893 1294 939 vigore.
1305 894 1470 940 ingenti
1481 893 1662 942 Reipub.
1673 895 1879 934 literariae

211 952 315 980 cum
328 939 462 985 luctu,
478 940 518 979 &
533 941 809 989 irreparabili
824 941 1057 982 haeredum
1073 955 1175 983 cum
1191 945 1357 984 damno
1373 947 1634 986 mortalibus
1651 952 1824 988 exemit.

264 994 434 1034 Verum
449 995 598 1034 omissa
612 994 697 1034 hac
712 995 1045 1039 lamentatione.
1062 999 1429 1047 quandoquidem
1445 1000 1608 1040 Fatalis
1624 1001 1720 1041 haec
1735 1003 1878 1042 Astro-

210 1050 378 1088 nomiae
388 1048 618 1088 calamitas
628 1049 792 1091 incidit.
803 1050 848 1088 id
860 1051 980 1098 quod
991 1063 1110 1090 nunc
1123 1052 1254 1102 officij
1269 1053 1400 1092 nostri
1410 1054 1487 1092 esse
1498 1055 1775 1098 arbitramur.
1789 1070 1878 1106 quo

210 1101 462 1146 Posteritati‚
483 1104 610 1151 cujus
629 1105 742 1141 ratio
762 1103 890 1142 nobis
910 1105 1112 1152 inprimis
1131 1106 1187 1144 est
1204 1106 1423 1149 habenda.
1446 1109 1713 1150 consulatur:
1736 1111 1877 1160 Maje-

210 1154 362 1195 statem
379 1155 527 1195 Tuam
551 1168 629 1205 per
654 1156 830 1195 DEVM
853 1159 1153 1198 immortalem
1173 1160 1212 1198 &
1232 1160 1413 1200 Vraniae
1439 1162 1574 1201 Sacra
1602 1163 1876 1207 obtestamur.

210 1220 269 1248 ne
287 1209 473 1258 positam
492 1212 539 1249 in
558 1210 707 1249 medio
723 1210 999 1259 sempiternae
1015 1213 1160 1252 laudis
1175 1214 1374 1262 palmam
1390 1218 1502 1254 inter
1519 1216 1600 1255 hos
1616 1217 1796 1257 bellicos
1813 1226 1876 1257 tu·

209 1262 378 1302 multus
392 1263 594 1313 negligat.
609 1263 681 1302 sed
697 1264 964 1304 authoritate
976 1265 1054 1304 sua
1065 1266 1104 1305 &
1115 1267 1290 1316 sumptu
1302 1268 1577 1308 Tabularum
1589 1271 1767 1310 illarum
1783 1284 1876 1320 per-

210 1315 458 1361 fectionem,
474 1329 570 1356 rem
585 1317 875 1366 Imperatoria
887 1319 982 1368 Maj
988 1319 1116 1359 estate
1128 1321 1415 1370 dignissimam
1426 1332 1589 1372 urgeat.
1607 1324 1702 1363 Sint
1714 1325 1876 1365 Maece-

210 1375 348 1416 nates,
359 1382 454 1410 non
464 1371 662 1415 deerunt,
674 1371 840 1413 Flacce.
854 1372 1082 1415 Marones.
1094 1375 1239 1414 aiebat
1251 1376 1336 1414 ille.
1350 1376 1443 1415 Sint
1454 1378 1682 1426 Alphonfi.
1695 1380 1876 1421 Alberti.

210 1423 430 1469 Friderici‚
447 1425 613 1469 Caroli,
630 1437 724 1464 non
739 1425 892 1465 desunt
907 1438 988 1465 nec
1005 1428 1202 1471 deerunt.
1220 1432 1297 1477 qui
1313 1430 1593 1470 Provinciam
1609 1432 1724 1471 hanc
1741 1434 1878 1472 alacri

210 1480 364 1518 animo
379 1478 610 1527 (liquidem
625 1481 852 1528 praecipua
863 1480 998 1519 huius
1009 1484 1072 1520 rei
1084 1479 1384 1533 fun-{ldamina
1391 1486 1486 1532 jam
1493 1484 1626 1534 jacta)
1644 1486 1878 1536 suscepturi

209 1531 303 1577 fint,
318 1543 370 1572 ac
385 1532 620 1575 residuum.
636 1534 848 1582 quicquid
864 1533 932 1577 est.
949 1536 1069 1583 quod
1084 1535 1187 1574 sane
1204 1549 1364 1585 parurn
1381 1538 1448 1580 est.
1466 1540 1580 1578 intra
1596 1551 1740 1579 annos
1769 1553 1876 1590 pau-

210 1586 336 1625 culos
354 1586 606 1626 absoluturi.
628 1586 674 1626 Si
694 1589 793 1636 quis
814 1593 948 1627 tantae
969 1591 1032 1627 rei
1053 1590 1246 1629 caducus
1266 1591 1430 1631 fruetus
1450 1596 1640 1641 proponi
1658 1595 1791 1642 potest
1807 1596 1877 1634 vel

210 1639 351 1685 debet,
375 1639 570 1690 profecto
594 1652 761 1680 nomen
785 1641 824 1680 St
846 1642 1033 1691 gloriam
1057 1643 1156 1692 ipfis
1182 1644 1407 1684 Sideribus
1432 1658 1632 1686 coaevam
1659 1648 1877 1697 Majestati

209 1692 322 1733 Tuae
336 1695 385 1734 in
399 1693 694 1734 Astronomiae
710 1695 962 1735 restauratae
978 1700 1216 1744 praemium
1231 1698 1521 1747 spondemus(
1532 1700 1570 1739 &
1592 1709 1810 1749 quantum
1831 1705 1878 1741 in

209 1746 340 1787 nobis
354 1747 423 1793 est,
443 1748 646 1788 lubenter
660 1760 712 1788 ac
728 1749 930 1788 alacriter
944 1752 1294 1798 procurabimus.
1317 1753 1450 1800 Quod
1470 1754 1693 1803 reliquum
1712 1756 1780 1797 est.
1802 1756 1876 1796 Sa-

210 1812 333 1841 cram
343 1801 596 1842 Caesaream
608 1802 702 1852 Maj
709 1802 885 1842 estatem
896 1803 1042 1843 Tuam
1053 1805 1155 1844 DEI
1168 1805 1336 1854 Optimi
1348 1807 1539 1846 Maximi
1551 1808 1809 1856 proteffloni
1820 1811 1877 1849 ad

209 1853 494 1895 feliciBimam
509 1856 684 1905 Imperij
702 1857 1082 1906 gubernationem.
1105 1858 1143 1897 ἀ
1164 1871 1246 1898 nos
1263 1861 1425 1899 Brahei
1442 1861 1642 1901 haeredes
1659 1863 1876 1903 Caesareae

211 1908 252 1948 ἀ
265 1908 442 1949 Parenti
459 1909 604 1949 nostro
620 1910 736 1949 ultro
753 1912 967 1959 promissae
989 1913 1204 1952 clientelae
1225 1913 1475 1953 humillime
1497 1918 1876 1957 commendamus.

332 1989 484 2040 Pragae
499 1990 639 2040 pridie
656 1990 1159 2086 CalendarumMAfiigffti
1176 1995 1298 2033 Anni
1316 1995 1551 2035 Christiani
1567 1998 1760 2046 vulgaris

574 2115 755 2156 SACRAE
772 2116 1046 2157 CAESAREAE
1064 2118 1369 2160 MAIESTATIS
1387 2120 1508 2160 TVAE

687 2170 1145 2217 OBSEQUENTISSIMI
1164 2181 1402 2214 CLIENTES

808 2224 1074 2265 TYCHONIS
1091 2227 1280 2267 BRAHEI

913 2285 1175 2320 HAEREDES.

1516 2614 1872 2654 ADMONITIO
