2164 3246
370 240 1028 280 PROGYMNASMATUM
1051 241 1364 280 SECUNDA
1386 241 1536 279 PARS
1713 240 1780 278 321

130 348 240 397 Syrij
258 348 376 386 idem
390 345 601 395 spectassffl
624 349 693 385 cui
713 350 846 386 etiam
862 348 1028 386 Plinius
1045 348 1128 386 hac
1144 350 1189 386 in
1206 360 1251 386 re
1268 348 1358 386 Lib.
1376 348 1412 385 2.
1431 347 1539 396 Cap.
1557 347 1606 386 25
1627 347 1781 394 astipu-

73 411 93 442 †
130 402 245 441 latur
260 401 314 440 fic
330 403 536 448 inquens:
561 400 862 450 Sparguntur
876 401 1125 451 aliquando
1142 401 1188 440 ἄ
1199 401 1482 440 Errantibus
1499 401 1672 446 Stellis,
1695 411 1781 439 cae-

132 453 332 504 terisque
350 453 528 493 Crines.
550 453 675 492 Nihil
695 460 845 493 tamen
866 455 1129 493 eiuscemodi
1150 455 1252 493 huic
1271 455 1574 493 Phaenomeno
1595 454 1781 497 adfuisse,

130 509 219 547 vllo
244 509 461 547 acuminis
485 507 578 545 visu
603 507 844 546 discernere
869 508 1001 546 licuit.
1028 508 1073 547 Si
1099 511 1196 556 quis
1221 514 1370 547 autem
1395 511 1580 547 nimiam
1605 520 1631 546 a
1657 508 1783 546 nobis

43 569 108 603 319
131 558 471 612 remo-ntionem‚
498 572 599 609 quae
623 561 780 600 Crines
803 562 901 600 illos
924 562 1161 600 inuisibiles
1185 561 1337 605 effecit,
1361 563 1614 609 praetendat,
1639 561 1783 600 fallaci

131 617 276 664 potius
292 613 544 653 conieciura
559 617 703 659 vtitur,
721 626 857 662 quam
873 616 991 662 quod
1008 627 1101 653 rem
1118 618 1177 653 ita
1192 615 1232 652 se
1250 615 1424 659 habere,
1445 616 1670 654 euidenter
1686 627 1783 662 pro-

130 670 212 709 bet.
239 669 398 717 Neque
424 670 556 707 etiam
581 667 677 706 haec
701 668 834 707 Stella
857 671 903 706 in
926 668 1039 707 Solis
1064 668 1259 716 opposito
1282 681 1479 716 vnquam
1504 669 1595 713 fuit,
1619 675 1662 706 vt
1685 669 1784 706 ideo

132 722 350 766 Caudam,
371 722 401 760 fi
421 733 557 770 quam
577 721 797 766 habuisset,
819 721 985 760 sursum
1001 722 1255 765 auertendo,
1277 721 1629 769 inaspectabilem
1646 722 1783 760 reddi-

132 776 252 815 derit.
277 776 565 815 Cometarum
590 777 709 813 enim
730 777 933 814 omnium
952 775 1111 814 barbas
1132 777 1158 813 a
1179 775 1279 814 Sole
1301 778 1637 823 quamproxime
1659 778 1704 813 in
1725 776 1784 813 di-

65 843 95 870 ιο
132 828 298 869 rectum
309 831 482 878 porrigi,
495 829 790 877 plurimorum
800 831 891 867 iam
903 829 1089 867 obtinuit
1101 829 1284 877 diligens
1294 829 1587 876 Experientia.
1601 829 1669 867 Sic
1680 841 1784 876 quo-

133 895 218 932 que
234 883 467 922 duratione
480 882 558 921 sua
569 894 658 930 qua
670 884 872 921 omnium
883 881 1097 921 hactenus
1108 882 1300 920 visorum
1313 883 1600 921 Cometarum
1613 889 1786 920 aetatem

133 938 405 986 exuperauit,
427 938 618 975 conuicit
638 936 861 984 peculiare
883 936 1095 984 quiddam
1115 948 1206 984 prae
1229 936 1425 974 Cometis
1446 936 1637 974 sortitam
1658 935 1785 974 fuisse.

133 991 442 1039 Longissimum
463 989 676 1038 siquidem
698 992 950 1034 terminum,
975 1002 1063 1037 quo
1087 990 1246 1028 durare
1269 990 1404 1028 solent
1426 990 1637 1034 Cometae,
1660 989 1787 1028 Sidus

133 1044 218 1083 hoc
233 1043 456 1082 insolitum
471 1046 639 1092 integro
655 1044 791 1082 Anno
807 1044 1132 1092 propemodum
1149 1044 1325 1082 excessit.

66 1111 97 1137 15
188 1097 385 1137 Omnino
408 1099 556 1145 itaque
579 1097 676 1136 haec
697 1097 831 1136 Stella
852 1097 1000 1142 Noua,
1025 1097 1313 1136 Cometarum
1336 1099 1633 1145 proprietates,
1658 1103 1788 1144 atque

134 1152 355 1191 Naturam
363 1151 513 1189 multis
521 1150 773 1199 parasangis
783 1153 1055 1199 exuperauit,
1068 1151 1285 1199 longeque
1297 1151 1396 1198 plus
1407 1151 1589 1198 stuporis
1602 1150 1788 1189 admira-

133 1205 348 1253 tionisque
364 1207 617 1253 promeruit.

188 1258 336 1298 Nullis
351 1258 527 1306 insuper
538 1258 785 1297 Literarum
798 1260 1113 1303 monumentis,
1131 1258 1290 1306 quibus
1302 1258 1481 1296 indubie
1493 1257 1720 1296 fidendum
1732 1257 1789 1301 fit,

135 1312 290 1362 legitur
299 1312 483 1351 Nouam
492 1312 690 1360 aliquam
699 1312 879 1351 Stellam
889 1312 1070 1360 reliquis
1081 1323 1246 1360 parem,
1259 1312 1438 1349 illuxisse
1450 1318 1596 1350 antea:
1611 1317 1791 1358 excepta

66 1378 100 1404 20
136 1366 212 1406 illa
231 1365 334 1410 sola,
355 1365 408 1404 de
429 1377 519 1414 qua
538 1366 717 1411 Plinius,
742 1377 834 1404 non
854 1366 1015 1414 vbique
1035 1377 1178 1404 vanus
1199 1365 1388 1413 scriptor,
1410 1365 1500 1403 Lib.
1518 1365 1542 1403 2
1564 1365 1791 1403 Naturalis

136 1419 354 1464 Historiae,
365 1421 491 1458 initio
499 1431 590 1467 cap.
599 1420 650 1458 26
657 1422 857 1458 meminit
865 1431 873 1464 ;
881 1419 954 1458 vbi
966 1418 1413 1467 refertHipparchum
1422 1419 1557 1457 aliam
1567 1419 1791 1466 quandam

137 1485 164 1513 a
177 1473 409 1522 prioribus,
430 1473 508 1512 sua
523 1478 650 1512 aetate
667 1479 867 1512 exortam
883 1473 1231 1512 animaduertisse
1248 1472 1440 1511 Stellam.
1464 1472 1668 1520 Cumque
1685 1472 1791 1519 ipsa-

136 1533 225 1566 met
235 1527 361 1576 Plinij
373 1526 519 1566 Verba
530 1526 608 1565 fint
624 1527 707 1565 hac
724 1527 777 1566 de
793 1539 852 1572 re,
869 1532 912 1565 vt
928 1527 1052 1571 alias,
1069 1526 1248 1565 illustria
1264 1532 1395 1574 atque
1411 1525 1658 1574 magnifica,
1676 1526 1793 1563 lubet

80 1588 101 1620 -ι-
139 1581 306 1625 eadem,
322 1586 367 1619 vt
382 1582 429 1619 in
445 1579 676 1628 conspectu
691 1580 782 1625 fint,
799 1580 871 1619 hic
887 1586 1119 1625 annotare;
1137 1580 1206 1619 Sic
1223 1582 1342 1618 enirn
1358 1582 1512 1627 inquit.

68 1647 102 1673 25
190 1635 319 1674 Idem
334 1634 658 1674 HIPPARCH
662 1634 742 1673 VS
752 1645 993 1684 nunquam
1003 1633 1123 1683 satis
1137 1634 1369 1679 laudatus,
1388 1635 1539 1683 thuo
1550 1643 1687 1672 nemo
1698 1643 1792 1671 ma-

136 1687 217 1739 gis
227 1687 560 1738 approbauerit
569 1687 911 1738 cognationem,
931 1699 1036 1727 cum
1049 1687 1251 1727 Homine
1265 1687 1493 1732 Siderum,
1509 1685 1709 1735 Animas
1707 1697 1794 1735 que

139 1739 318 1790 nostras
333 1744 519 1791 partem
541 1740 624 1790 esse
643 1741 768 1787 Coeli,
791 1741 876 1781 ΝΟ
885 1741 1023 1780 VAM
1035 1740 1336 1780 STELLAM
1351 1740 1397 1779 ἅ
1414 1740 1555 1779 aliam
1567 1739 1653 1788 suo
1669 1740 1797 1778 AEuo

52 1801 117 1834 320
136 1794 362 1846 genitam,
380 1795 713 1845 depraehendit,
731 1794 921 1845 eiusque
937 1792 951 1846 ΙΙ
967 1797 1107 1840 motu,
1127 1805 1216 1844 quo
1228 1794 1317 1833 Die
1333 1792 1463 1842 fulsit,
1481 1795 1542 1832 ad
1556 1793 1795 1832 dubitatio-

141 1859 251 1888 nem
274 1846 336 1897 eft
355 1847 591 1895 addudtus‚
615 1860 738 1888 anne
761 1850 850 1888 hoc
866 1848 1044 1898 saepius
1066 1848 1211 1893 fieret,
1235 1850 1629 1896 mouerenturque
1651 1847 1697 1886 ἄν
1713 1857 1794 1892 eae,

72 1915 106 1941 ³0
144 1913 263 1952 quas
274 1904 499 1953 putamus
514 1902 716 1941 Affixas.
739 1903 959 1952 Idemque
975 1901 1116 1951 ausus
1131 1913 1231 1941 rem
1249 1901 1389 1940 etiam
1405 1902 1507 1940 Deo
1524 1900 1794 1950 improbam,

142 1967 458 1996 annumerare
477 1954 675 2004 Posteris
700 1956 886 2001 Stellas,
913 1955 1172 2004 Sideraque
1195 1956 1255 1993 ad
1275 1965 1488 1994 normam
1513 1964 1794 2004 expangere,

144 2008 351 2061 Organis
373 2009 667 2060 excogitatis,
687 2021 779 2059 per
800 2020 904 2059 quae
922 2007 1208 2059 singulorum
1232 2009 1356 2047 Loca
1379 2008 1425 2047 ἄ
1441 2007 1797 2058 Magnitudines

137 2061 353 2114 signaret,
372 2065 424 2102 vt
437 2063 578 2103 facile
593 2074 655 2103 ex
669 2074 725 2102 eo
741 2062 941 2112 diJcerni
951 2061 1102 2112 posset,
1119 2073 1212 2101 non
1229 2063 1365 2100 modo
1376 2073 1436 2100 an
1450 2059 1796 2109 obirentnasce-

143 2119 378 2163 renturue,
399 2116 511 2156 item
528 2128 589 2156 an
606 2116 872 2165 crescerent
885 2116 1281 2161 minuerenturue,
1308 2115 1433 2154 Coelo
1453 2115 1500 2153 in
1522 2114 1797 2153 haereditate

74 2183 107 2209 3⁵
145 2168 322 2210 cunctis
346 2168 515 2217 relic‘to,
537 2169 574 2219 si
596 2169 833 2220 quispiam,
861 2169 940 2219 qui
963 2169 1192 2208 rationem
1219 2180 1323 2208 eam
1348 2171 1548 2218 caperet,
1576 2167 1798 2207 inuentus

144 2222 259 2272 esset.
275 2225 423 2272 Atque
439 2224 536 2263 haec
552 2224 605 2262 de
623 2224 885 2272 Hipparcho
902 2223 1080 2261 Plinius.

197 2277 316 2317 Vixit
339 2283 489 2317 autem
514 2277 893 2316 HIPPARCHVS
919 2279 1032 2315 circa
1057 2276 1192 2314 finem
1217 2275 1497 2314 Monarchiae
1522 2275 1797 2317 Graecorum,

145 2332 289 2370 Annis
300 2334 500 2380 proxime
513 2332 710 2370 ducentis
722 2343 748 2370 a
760 2331 906 2369 Morte
923 2330 1275 2368 ALEXANDRI
1293 2329 1514 2373 MAGNI,
1533 2336 1632 2367 ante
1645 2334 1798 2366 natum

147 2384 456 2424 CHRISTVM
469 2387 636 2423 circiter
645 2385 725 2429 125,
739 2385 918 2432 quando
931 2384 1105 2422 Bellum
1117 2384 1170 2422 ab
1183 2383 1344 2422 harum
1354 2383 1598 2431 Regionum
1609 2382 1797 2430 PopuliS.

77 2449 111 2476 ⁴⁰
147 2439 266 2487 quod
282 2439 555 2478 Cimbricum
571 2439 888 2487 appellabatur,
905 2440 950 2476 in
968 2438 1092 2476 Italia
1109 2444 1239 2485 atque
1257 2437 1409 2475 Romae
1425 2436 1586 2484 gestum
1604 2435 1670 2477 est,
1691 2435 1796 2473 Coss.

90 2498 111 2530 -ι-
148 2492 198 2531 C.
215 2492 410 2537 Caecilio,
427 2504 478 2531 ac
495 2492 576 2531 Cn.
594 2492 782 2540 Papyrio
800 2492 1018 2530 Carbone.

202 2545 357 2594 Liquet
372 2557 478 2584 vero
496 2545 594 2585 satis
611 2545 834 2584 manifeste
851 2557 904 2584 ex
921 2546 1064 2583 verbis
1080 2545 1221 2593 Plinij,
1243 2556 1343 2591 quae
1365 2544 1417 2581 de
1438 2543 1521 2581 hoc
1540 2541 1798 2589 Hipparcho

255 2608 284 2633 ⁴¹
1470 2600 1796 2634 commemorat.
