2326 3277
474 234 524 271 30
847 227 1300 268 ASTRONOMIAE
1321 223 1744 264 INSTAURATAE

472 341 636 376 tionem
653 337 856 374 deriuasse
872 335 1052 382 liqueat;
1069 346 1161 372 non
1177 333 1445 372 considerata
1461 342 1513 369 ea
1530 342 1630 378 quae
1646 329 1693 367 fit
1708 332 1754 368 in
1771 329 1930 368 decliui
1941 330 1997 368 ad
2009 330 2116 368 Bru·

471 403 590 428 mam
607 390 684 427 fitu
701 389 787 435 (vbi
800 388 873 426 Sol
885 388 1154 435 Fruenburgi
1170 387 1319 425 saltem
1331 386 1373 423 12
1383 384 1588 433 gradibus
1604 382 1829 429 attollitur)
1846 382 2116 422 refractionis

472 443 773 485 insinuatione,
797 453 897 488 quae
918 441 1030 479 Solis
1050 441 1175 478 fitum
1196 438 1362 477 octonis
1384 439 1439 476 ad
1460 439 1695 475 minimum
1714 438 1895 475 minutis
1916 436 2117 475 altiorem

472 507 605 543 quam
621 506 776 532 reuera
793 494 859 539 est,
877 505 1088 542 apparere
1104 493 1216 532 facit.

523 549 577 585 Vt
593 560 696 586 vero
717 547 814 585 satis
836 553 951 585 certo
972 547 1081 585 mihi
1102 546 1322 590 constaret,
1344 556 1437 583 rem
1458 555 1638 583 omnem
1655 545 1715 581 ita
1730 542 1770 581 se
1787 542 1963 587 habere,
1984 548 2116 591 vtque

471 613 662 640 errorem
687 601 798 638 adeo
823 600 1061 638 sensibilem
1086 602 1132 638 in
1156 599 1300 637 Polari
1323 597 1566 636 Altitudine
1593 598 1686 635 eius
1711 596 1796 634 loci
1818 608 1845 634 a
1868 596 2116 644 Copernico

471 655 737 692 commissum
759 654 1035 701 exploratum
1055 653 1276 695 haberem,
1300 651 1393 690 misi
1415 657 1516 689 ante
1538 650 1880 698 quadriennium
1900 651 2036 688 Anno
2055 651 2116 688 vi-

470 708 622 746 delicet
638 707 731 745 1584
748 707 933 751 labente,
950 707 1284 754 Fruenburgum
1296 705 1465 743 Prussiae
1482 704 1706 751 quendam
1722 715 1776 741 ex
1791 702 1901 741 rm'hi
1916 705 1963 741 in
1973 703 2116 741 Astro-

470 762 654 799 nomicis
671 761 1052 798 exercitationibus
1070 758 1404 798 inseruientibus
1421 757 1627 796 Studiofis
1644 756 1787 795 Eliam
1804 756 1907 795 Olai
1922 758 2116 802 nomine,

470 814 625 852 tradito
641 813 703 851 illi
720 814 913 860 quodam
929 814 1150 861 exquisito,
1169 813 1206 851 &
1223 814 1424 851 omnium
1439 810 1744 859 scrupulorum
1757 811 1954 858 apprime
1966 812 2117 858 capaci

470 879 492 905 e
513 867 664 905 nostris
681 867 980 911 Instrumento,
1002 879 1090 914 quo
1106 866 1397 904 Altitudinem
1412 865 1507 903 Poli
1526 864 1614 902 illic
1634 863 1905 907 scrutaretur,
1926 863 2045 911 isque
2063 875 2117 902 eo

469 923 515 958 in
541 922 749 958 comitatu
773 922 929 958 veteris
958 923 1046 958 mei
1071 921 1216 958 Amici
1245 919 1503 957 Nobilissimi
1528 918 1620 955 Viri
1650 917 1850 955 LEVINI
1880 916 2117 956 BYLOVII

471 973 728 1011 Illustrissimi
753 973 962 1021 Principis
988 973 1264 1012 Marchionis
1289 971 1608 1019 Anspachenfis
1633 970 1879 1018 Confiliarij
1906 972 2116 1019 primarij‚

470 1026 587 1074 apud
608 1026 928 1065 Serenissimum
945 1026 982 1064 &
998 1027 1336 1065 Potentissimum
1357 1026 1517 1073 Regem
1538 1024 1730 1062 nostrum
1751 1024 2000 1072 Legationis
2021 1035 2116 1063 mu-

470 1092 572 1118 nere
584 1079 808 1127 perfuncti,
822 1079 859 1117 8(
871 1082 978 1118 naui
988 1080 1119 1128 Regia
1129 1080 1184 1118 ad
1194 1080 1439 1126 Principem
1450 1078 1577 1116 suum
1588 1078 1822 1121 redeuntis,
1834 1077 2118 1116 commodum

469 1132 712 1181 perductus,
742 1135 959 1181 integrum
983 1133 1176 1171 mensem
1202 1132 1474 1180 Fruenburgi
1499 1133 1545 1169 in
1569 1131 1752 1170 Varmia
1776 1136 1974 1169 moratus
1999 1130 2066 1176 est,
2092 1142 2120 1170 a

470 1186 703 1224 Nobilibus
724 1189 818 1224 eius
838 1186 921 1224 loci
938 1186 1177 1225 Canonicis
1198 1186 1451 1224 humaniter
1471 1184 1509 1223 8(
1529 1184 1746 1223 beneuole
1763 1190 1981 1232 exceptus,
2003 1195 2119 1223 com·

469 1240 811 1286 moditatemque
827 1239 911 1278 loci
928 1239 1092 1284 nac’tus,
1110 1251 1199 1287 qua
1211 1239 1550 1278 Obseruationes
1561 1243 1676 1276 tutas
1689 1237 1927 1286 perficeret,
1943 1237 2119 1286 singulis

469 1293 627 1330 serenis
648 1293 928 1340 temporibus,
951 1293 1134 1331 Diurnis
1155 1293 1210 1331 ad
1232 1293 1380 1331 Solem
1401 1292 1705 1330 Meridianum
1725 1293 1771 1329 in
1791 1291 1967 1330 Boreali
1983 1291 2119 1330 Semi-

470 1346 630 1384 circulo
654 1346 889 1390 eleuatum‚
914 1346 951 1384 &
975 1345 1321 1385 Refrac'tionibus
1342 1345 1397 1384 ob
1418 1346 1461 1384 id
1481 1357 1574 1383 non
1596 1345 1857 1389 obnoxium;
1880 1343 2119 1384 Nocturnis

470 1400 524 1438 ad
537 1399 702 1443 Stellas,
719 1400 1138 1438 Animaduerfiones
1150 1402 1195 1438 in
1206 1399 1523 1438 Altitudinibus
1534 1398 1749 1437 beneficio
1761 1398 1954 1437 eiusdem
1966 1397 2119 1437 Instru—

470 1455 603 1491 menti
624 1454 859 1500 capiendis,
880 1453 1093 1501 plurimas
1115 1453 1152 1491 &
1173 1453 1399 1501 diligentes
1420 1453 1622 1496 obtinuit;
1647 1464 1701 1490 ex
1721 1452 1879 1499 quibus
1900 1451 2119 1497 omnibus,

470 1506 695 1554 postquam
716 1506 802 1545 huc
823 1507 1005 1545 domum
1026 1507 1081 1545 ad
1102 1518 1172 1545 me
1193 1506 1392 1545 reuersus
1411 1506 1517 1550 esset‚
1539 1506 1632 1544 Poli
1649 1505 1941 1544 Altitudinem
1957 1505 2119 1544 Fruen—

469 1560 605 1607 burgi,
628 1560 699 1598 vbi
721 1562 827 1598 vixit
851 1560 1137 1608 Copernicus,
1164 1561 1240 1598 esse
1263 1565 1370 1608 part.
1395 1560 1458 1598 54.
1484 1558 1509 1607 Ι.
1534 1559 1601 1599 22}
1630 1559 1926 1598 indubitanter
1948 1559 2119 1608 collegi;

470 1613 735 1651 conferendo
751 1614 949 1652 videlicet
965 1614 1231 1652 Altitudines
1247 1613 1360 1652 Solis
1377 1613 1415 1651 &
1431 1613 1665 1652 Stellarum
1687 1624 1787 1651 cum
1803 1612 2119 1651 Declinationi-

470 1666 562 1709 bus‚
586 1672 675 1704 tam
697 1679 749 1704 eo
770 1667 872 1715 ipso,
896 1679 1031 1715 quam
1055 1670 1187 1706 etiam
1208 1667 1304 1716 alijs
1326 1667 1622 1705 Instrumentis
1645 1666 1717 1704 hle
1738 1666 1894 1704 eodem
1915 1677 2035 1705 anno
2055 1677 2120 1705 re·

470 1722 611 1767 pertis.
634 1720 790 1768 Neque
813 1721 867 1758 est
888 1721 1007 1768 quod
1023 1721 1256 1768 suspicetur
1272 1721 1431 1768 aliquis
1448 1720 1678 1768 Organum
1696 1719 1780 1758 hoc
1797 1719 1978 1767 aliquod
1993 1721 2040 1758 in
2055 1721 2119 1758 iti-

470 1785 573 1811 nere
595 1775 845 1812 contraxisse
866 1777 1032 1812 vitium.
1057 1775 1159 1812 Erat
1183 1776 1301 1812 enim
1324 1774 1472 1812 sedulo
1493 1773 1619 1812 theca
1640 1773 1801 1811 idonea
1821 1775 2060 1817 munitum;
2082 1773 2121 1812 &

470 1827 555 1864 huc
568 1829 745 1875 nauigio
758 1827 994 1872 reuecffflm,
1011 1828 1183 1876 prorsus
1196 1827 1367 1866 easdem
1379 1839 1480 1866 cum
1491 1827 1757 1865 Altitudines
1769 1823 1784 1877 ΙΙ
1795 1832 1889 1865 tum
1900 1826 2120 1866 distantias

470 1880 684 1927 (vtrasque
706 1883 824 1918 enim
845 1893 920 1928 per
941 1881 1024 1919 hoc
1043 1884 1184 1919 metiri
1201 1881 1336 1927 licuit)
1354 1880 1589 1919 Stellarum
1606 1892 1716 1928 quas
1732 1886 1863 1919 antea
1878 1880 2118 1928 promebat,

469 1939 511 1971 vt
528 1934 700 1971 nullum
717 1934 839 1972 subsit
854 1935 1037 1973 dubium
1049 1935 1141 1973 Poli
1154 1935 1444 1972 Altitudinem
1456 1934 1553 1972 satis
1565 1933 1739 1982 praecise
1752 1933 2023 1982 Fruenburgi
2035 1933 2119 1972 hoc

469 1987 601 2024 modo
618 1988 693 2025 esse
711 1988 1053 2035 depraehensam,
1072 2000 1259 2036 eamque
1276 1988 1339 2026 M.
1357 1988 1415 2029 21³.
1436 1987 1768 2035 Copernianam
1784 1989 2119 2026 annotationem

470 2040 689 2083 excedere,
707 2041 863 2079 eodem
875 2041 963 2079 fere
976 2042 1209 2084 interstitio,
1227 2042 1345 2089 quod
1358 2041 1433 2079 diu
1445 2043 1570 2079 tacite
1582 2040 1837 2088 suspicabar,
1855 2042 1989 2079 etiam
1999 2047 2118 2080 ante-

470 2105 603 2140 quam
627 2096 720 2131 eius
744 2097 804 2132 rei
829 2097 1144 2142 experientiam
1168 2095 1261 2133 fieri
1285 2095 1502 2133 curassem.
1530 2095 1649 2132 Patet
1674 2096 1822 2142 itaque
1845 2096 1891 2132 in
1914 2094 2118 2133 Declina-

469 2147 659 2184 tionibus
676 2147 788 2185 Solis
804 2147 964 2195 vbique
985 2149 1121 2186 tribus
1142 2148 1363 2195 scrupulis,
1385 2150 1532 2186 minus
1548 2159 1635 2186 vna
1655 2154 1811 2195 quarta
1831 2148 2015 2186 deuiasse
2032 2147 2118 2186 Co-

469 2202 708 2246 pernicum,
739 2201 856 2248 quod
883 2201 951 2239 vel
981 2204 1102 2240 iuxta
1133 2202 1220 2249 ipsa
1246 2200 1527 2248 AEquinoclia
1557 2202 1736 2239 totidem
1766 2200 1887 2239 horis
1916 2201 2119 2249 ingressus

470 2253 642 2290 Solares
660 2256 810 2295 variat,
833 2254 870 2291 8(
891 2255 1161 2292 interstitium
1178 2257 1300 2292 verni
1318 2262 1448 2302 atque
1465 2255 1735 2293 autumnalis
1752 2253 2018 2303 AEquinodtij
2042 2266 2119 2302 per

470 2306 601 2343 horas
622 2307 679 2347 51.
702 2307 879 2345 vlterius
901 2320 1035 2354 quarn
1056 2308 1127 2346 ille
1149 2310 1354 2356 opinatus
1376 2308 1430 2345 est
1452 2309 1655 2346 extendit.
1677 2307 1745 2346 Sic
1765 2309 1896 2346 etiam
1913 2307 2118 2347 Declina-

469 2361 586 2396 tione
604 2359 715 2397 Solis
732 2363 938 2403 maxima,
961 2363 1092 2398 ternis
1109 2364 1307 2408 proxime
1325 2361 1534 2408 scrupulis
1551 2363 1682 2399 nimis
1698 2360 1915 2400 coarctata
1931 2360 2029 2399 vsus
2049 2361 2116 2405 ess,

470 2413 586 2459 quod
604 2415 723 2451 iuxta
741 2414 836 2451 loca
849 2414 1041 2462 Solstitijs
1054 2414 1091 2452 &
1104 2413 1394 2462 AEquinoctijs
1411 2415 1669 2453 intermedia
1685 2414 2012 2462 aliquantulum
2025 2426 2117 2454 mo-

470 2471 561 2503 tum
579 2466 691 2504 Solis
712 2478 787 2513 per
809 2467 1162 2505 Declinationem
1184 2468 1429 2506 eruendum
1451 2480 1475 2505 a
1498 2480 1602 2506 vero
1624 2467 1701 2506 situ
1722 2466 1918 2506 deflectit.
1941 2468 2119 2507 Accedit

470 2519 507 2556 8(
529 2519 623 2557 haec
645 2531 734 2557 non
758 2523 941 2558 minima
960 2524 1118 2558 erroris
1136 2521 1327 2562 Occasio,
1350 2522 1467 2568 quod
1484 2522 1538 2559 ad
1556 2522 1723 2559 medias
1740 2527 1883 2568 partes
1907 2527 1944 2569 ῐη
1966 2520 2119 2569 AEqui-

1911 2573 2120 2614 nofflales

2158 817 2189 844 10

2159 1084 2189 1110 15

2153 1831 2195 1913 a&
