2243 3225
374 217 442 255 216
749 210 1203 251 ASTRONOMIAE
1225 207 1648 247 INSTAURATAE

1162 333 1233 370 ΙΙΙ.

413 398 658 437 IDIPSUM
679 396 901 435 ADHUC
923 396 1001 433 EX
1021 393 1318 433 INFERIORI
1341 392 1552 431 CAPITE
1576 395 1631 436 Π,
1654 393 1691 430 8(
1713 392 1914 432 CORDE
1940 395 1979 438 <Q

787 455 1208 496 LUCULENTIUS
1230 454 1605 492 EXAMINARE.

446 529 759 568 AEPEDICTA
783 529 1001 567 Draconis
1022 526 1156 565 Stella
1172 538 1198 564 a
1215 525 1360 564 Corde
1381 525 1542 563 Leonis
1563 525 1715 563 distare
1735 532 1842 573 part.
1860 526 1922 565 85.
1941 525 1967 574 l.
1984 526 2021 570 9,

463 595 623 631 magna
644 582 839 621 adhibita
859 582 1093 628 diligentia,
1115 578 1423 617 animaduersa
1439 578 1510 622 est;
1532 579 1586 617 ab
1603 579 1799 617 inferiori
1815 590 1921 617 vero
1938 579 2022 618 Ca·
2060 592 2076 618 ⁵

371 641 457 685 pite
477 639 532 681 Π,
550 637 591 674 Ρ.
609 636 662 674 81.
681 634 706 683 l.
724 635 800 677 3153,
817 641 860 672 vt
877 639 1008 672 antea
1024 643 1201 680 quoque
1217 632 1423 670 indicaui.
1444 631 1505 670 Sit
1521 633 1668 679 itaque
1685 634 1730 669 in
1746 634 1950 680 proxima
1964 631 2023 670 se-

372 696 531 738 quente
555 689 863 727 Delineatione
889 687 923 725 B
948 687 1038 725 Cor
1061 686 1233 723 Leonis.
1259 686 1300 722 A
1323 684 1505 723 inferius
1529 684 1674 733 Caput
1700 687 1754 728 II.
1782 685 1819 724 C
1842 685 2024 724 Stellula

695 758 732 803 P
1064 739 1294 782 Draconis,
1312 744 1470 776 caetera
1484 744 1528 776 vt
1544 740 1676 785 prius.

1117 791 1313 829 Primum
1333 793 1378 829 in
1398 791 1638 839 Triangulo
1659 792 1781 829 ABP
1801 797 1907 830 nota
1928 791 2024 830 sunt

801 879 841 921 C
1064 845 1156 935 {uo
1174 844 1332 936 LZtera
1351 844 1435 935 ΡΑΒ
1448 844 1485 882 8(
1506 844 1578 882 ΡΒ
1602 856 1656 882 ex
1677 844 2024 936 {lomplemetzitis
2065 857 2096 882 ιο

1100 904 1208 936 autu
1241 909 1366 935 inum
1383 909 1410 935 a
1439 904 1662 935 umtarum
1709 910 1868 936 uarum
1883 910 1930 936 1n
1979 909 2023 936 o-

1064 951 1190 989 diaco
1202 951 1423 995 Fixarum,
1439 950 1477 988 &
1490 951 1694 999 Angulus
1705 951 1826 989 APB
1839 963 1893 989 ex
1903 950 2024 989 diffe-

1064 1006 1205 1042 rentia
1221 1004 1525 1052 Longitudinis
1542 1004 1784 1042 earundem
1803 1003 1902 1043 satis
1923 1016 2024 1043 con-

1063 1057 1151 1095 stat.
1165 1057 1357 1105 Ideoque
1368 1057 1590 1095 &tertium
1600 1057 1734 1096 Latus
1744 1057 1835 1102 BA,
1845 1063 1952 1105 part.
1961 1057 2024 1096 36.

1066 1109 1091 1159 l.
1108 1111 1171 1149 59.
1191 1109 1233 1158 ll.
1249 1111 1300 1149 53
1316 1122 1408 1148 non
1423 1111 1706 1158 ignorabitur,
1723 1110 1860 1159 ipsam
1876 1111 2026 1150 Stella-
2068 1123 2098 1148 15

1065 1175 1164 1202 rum
1175 1163 1420 1202 distantiam
1432 1160 1446 1214 ΙΙ
1458 1163 1672 1211 praebens,
1685 1175 1821 1212 quam
1833 1166 1966 1203 etiam
1975 1164 2027 1203 37
2051 1171 2116 1202 214

1066 1217 1142 1255 esse
1154 1219 1346 1264 partium
1358 1217 1591 1264 aliquoties
1603 1217 1784 1256 Coelum
1799 1217 1940 1265 ipsum
1955 1228 2027 1256 me

1065 1271 1224 1308 docuit.
1242 1270 1293 1308 Et
1309 1282 1362 1308 ex
1378 1272 1493 1308 notis
1505 1270 1697 1308 eiusdem
1708 1270 1936 1319 Trianguli
1946 1276 2027 1309 ter-

1065 1325 1133 1361 nis
1158 1323 1399 1367 Lateribus,
1425 1324 1629 1371 Angulus
1658 1324 1780 1362 PBA
1809 1326 2027 1372 prouenit,

1065 1382 1172 1424 part.
1183 1377 1245 1415 79.
1258 1379 1363 1415 min.
1374 1377 1427 1415 31.
1443 1375 1486 1425 sl.
1497 1377 1559 1415 50.
1577 1377 1699 1424 Quin
1711 1377 1749 1415 8(
1760 1377 2026 1426 Triangulus
2064 1389 2098 1414 20

1066 1430 1194 1468 BAC
1215 1436 1322 1468 nota
1339 1430 1471 1469 habet
1486 1432 1569 1468 tria
1585 1430 1754 1475 Latera,
1776 1442 1854 1479 per
1873 1430 2027 1469 distan-

1065 1485 1146 1521 tias
1163 1485 1295 1521 trium
1311 1484 1591 1522 assumtarum
1603 1483 1838 1522 Stellarum
1849 1484 1904 1522 ab
1916 1486 2028 1522 inui-

384 1519 431 1571 Α
1066 1548 1178 1580 cem;
1196 1537 1327 1584 Igitur
1340 1536 1377 1574 8(
1389 1537 1618 1585 Angulum
1631 1537 1758 1576 CBA
1770 1549 1862 1575 non
1873 1537 2029 1576 celabit

448 1549 875 1666 b
1066 1590 1108 1627 P.
1130 1590 1192 1628 82.
1216 1589 1241 1637 s.
1263 1590 1317 1628 21.
1342 1589 1384 1638 ss.
1407 1590 1469 1628 20.
1497 1590 1692 1628 Demum
1717 1592 1763 1628 in
1788 1590 2029 1639 Triangmo

427 1661 466 1706 G
859 1665 895 1711 F
995 1644 1037 1685 Ε
1065 1643 1184 1682 PBC
1208 1655 1261 1681 ex
1284 1643 1438 1682 Latere
1462 1643 1534 1681 ΡΒ
1557 1643 1595 1681 8(
1616 1643 1695 1682 BC
1719 1645 1913 1692 cognitis,
1937 1645 2028 1682 An·
2067 1656 2101 1681 25

375 1749 510 1789 tracto
522 1750 699 1798 Angulo
712 1750 783 1788 PB
792 1751 832 1787 A
845 1751 898 1788 ab
912 1697 1602 1798 Αῃὲωὲιὲἓᾳὲῗὲὲῗῗὲξῖῗῗᾶ
1620 1697 1754 1788 ἷξῐξε
1765 1696 2029 1789 ἓτᾚίίιὶιῐῐὶιῐὲιέ

376 1815 466 1841 non
488 1804 677 1850 amplius
699 1803 1008 1842 desiderabitur
1023 1803 1066 1841 Ρ.
1084 1804 1119 1842 5.
1139 1802 1163 1851 l.
1183 1804 1235 1841 14.
1255 1802 1298 1851 ll.
1315 1803 1352 1845 Ο.
1375 1803 1412 1841 8(
1433 1803 1607 1851 insuper
1623 1803 1741 1842 BPC
1763 1805 1808 1842 in
1829 1810 2030 1852 apertum

376 1859 519 1894 veniet
535 1863 642 1904 part.
660 1857 721 1894 32.
742 1856 766 1903 l.
784 1857 845 1894 34.
865 1855 908 1904 ll.
926 1857 988 1895 30.
1006 1857 1072 1894 Est
1088 1862 1237 1895 autem
1254 1857 1387 1895 Latus
1404 1856 1492 1900 PC.
1511 1856 1901 1905 Complementum
1916 1857 2030 1896 Lati-

375 1910 537 1947 tudinis
554 1909 698 1948 Stellae
711 1910 942 1953 Draconis,
960 1910 1078 1957 quod
1096 1912 1190 1948 eius
1202 1910 1498 1948 Latitudinem
1515 1910 1675 1948 indicat
1688 1910 1730 1948 P.
1743 1910 1806 1949 84.
1821 1909 1847 1958 l.
1859 1910 1922 1949 46.
1937 1909 1980 1958 ll.
1992 1910 2029 1954 Ο,
2068 1922 2102 1948 3ο

377 1962 413 2000 8(
438 1962 555 2001 BPC
579 1962 871 2001 differentiam
894 1964 1197 2011 Longitudinis
1219 1975 1245 2001 a
1266 1963 1411 2002 Corde
1435 1963 1596 2001 Leonis
1620 1963 1761 2002 ofl'ert:
1785 1963 1911 2002 Vnde
1934 1963 2031 2002 haec

377 2016 523 2054 addita
541 2016 821 2064 Longitudini
838 2017 921 2054 loci
939 2017 1103 2064 Reguli.
1125 2017 1324 2064 producit
1341 2017 1486 2055 Stenae
1504 2017 1723 2055 Draconis
1739 2017 1969 2065 Longitud.
1985 2019 2031 2055 in

377 2069 418 2105 Ρ.
445 2069 507 2107 26.
534 2071 639 2107 min.
666 2069 734 2107 393.
770 2076 827 2111 ΠΡ,
859 2071 976 2117 quod
1002 2070 1084 2108 hac
1111 2073 1236 2108 tertia
1262 2072 1683 2118 experimentatione
1708 2071 1929 2118 indagare.
1959 2070 2031 2108 de·

377 2133 608 2159 creuimus.

431 2175 560 2212 Nunc
586 2178 736 2213 omnia
759 2178 840 2214 tria
866 2176 963 2214 loca
987 2176 1181 2214 Stellulae
1205 2179 1300 2214 eius
1324 2177 1557 2218 Draconis.
1584 2176 1873 2215 diuerfimode
1899 2179 2032 2215 ternis
2070 2189 2103 2214 35

377 2227 708 2266 deductionibus
732 2229 971 2276 conquisita
995 2230 1049 2267 ob
1074 2230 1226 2267 oculos
1249 2242 1479 2277 ponemus.
1504 2237 1547 2268 vt
1571 2229 1817 2268 differentia
1840 2230 1916 2268 illa
1939 2241 2032 2278 per-

377 2283 546 2328 exigua.
565 2293 664 2328 quae
682 2283 842 2323 incidit.
860 2282 1055 2320 subtilius
1072 2283 1291 2321 limitetur.

1837 2548 2033 2588 LOCUS
