2164 3246
406 202 1064 243 PROGYMNASMATUM
1087 203 1400 243 SECUNDA
1422 206 1572 245 PARS
1742 207 1817 246 363

167 312 437 352 Latitudines
462 311 596 349 huius
622 311 769 348 Nouae
795 310 940 349 Stellae
966 310 1258 349 diuerfimoda
1282 312 1600 360 supputatione,
1631 313 1818 361 singulas

166 365 430 414 inquirendo
446 366 628 413 propius
643 366 690 402 in
706 362 937 411 conspeetu
953 363 1043 408 fint,
1065 364 1102 402 8(
1125 376 1260 412 quam
1275 377 1434 413 parum
1450 378 1476 404 a
1492 366 1531 405 se
1549 369 1741 405 inuicem
1758 368 1817 405 di-

166 418 681 522 ffrrgplznltglgglgnoscatur,
704 429 778 456 eas
794 429 912 456 nunc
929 429 1084 456 omnes
1099 418 1223 456 breui
1239 419 1421 458 Tabella
1437 420 1685 459 summatim
1702 432 1817 459 com·

114 596 130 622 ⁵
167 578 624 620 LONGITUDINES
644 577 851 625 ATQUE
877 578 1279 618 LATITUDINES
1306 580 1496 619 NOUAE
1523 580 1758 619 STELLAE
1784 581 1817 619 E

351 640 571 680 VICINIS
593 640 932 680 CASSIOPEAE
953 641 1192 686 SEPTIES,
1214 642 1630 681 DIUERSIMODE

749 703 1234 742 DEMONSTRATAE.

1355 806 1486 832 NOVAE
1508 806 1689 832 STELLAE

375 849 545 883 Nomina
562 850 840 890 vsurpatarum
856 849 895 881 in
911 849 1123 890 Cassiopeae

542 894 751 926 Asterisrno
769 894 952 925 Fixarum

100 958 131 985 10

369 1026 559 1065 Flexura
575 1025 613 1064 8(
630 1026 796 1064 Lucida
813 1025 940 1065 Cath.

370 1080 536 1119 Lucida
553 1079 681 1119 Cath.
700 1079 738 1117 8(
754 1079 934 1118 Schedir

369 1134 558 1173 Flexura
575 1133 613 1171 &
629 1133 810 1172 Schedir

289 1189 344 1227 A·
370 1187 526 1236 Capite
543 1186 582 1225 &
598 1186 733 1226 Genu

99 1257 129 1283 1⁵
370 1241 561 1290 Cingulo
579 1240 617 1279 8(
634 1240 775 1280 Crure

369 1294 489 1333 Med.
507 1294 635 1334 Cath.
654 1294 692 1332 8(
709 1294 824 1332 Extr.
841 1294 962 1341 pedis

369 1349 472 1387 Luc.
490 1348 619 1387 Cath.
637 1347 675 1386 8(
692 1348 807 1386 Extr.
824 1348 946 1395 pedis

202 834 229 861 0

203 864 228 917 Ξ

202 920 229 948 0

214 1028 229 1066 1

205 1081 230 1120 2

204 1135 229 1174 3

204 1189 230 1227 4

204 1242 229 1281 5

204 1295 230 1334 6

204 1349 229 1388 7

1263 1026 1288 1384 wammam&
1235 928 1308 978 771

217 1465 336 1504 Hinc
351 1464 450 1504 satis
464 1470 646 1513 apparet
658 1476 793 1512 quam
805 1469 1006 1502 accurate
1019 1469 1150 1511 atque
1162 1463 1368 1501 subtiliter
1380 1462 1501 1500 locus
1513 1462 1645 1500 huius
1658 1461 1814 1505 Stellae,

78 1527 141 1560 384
164 1519 510 1568 praecedentibus
531 1520 771 1567 ratiocinijs
793 1518 1044 1566 exploratus
1065 1517 1123 1561 fit,
1146 1528 1246 1555 cum
1263 1513 1277 1567 ΙΙ
1293 1516 1442 1554 saltem
1463 1515 1628 1563 dimidij
1650 1517 1815 1553 circiter

95 1586 129 1613 20
164 1574 321 1612 minuti
337 1572 637 1621 discrepantia,
654 1572 726 1611 vbi
742 1571 831 1610 sere
847 1573 1043 1610 maxima
1060 1570 1126 1615 est,
1144 1572 1396 1618 reperiatur,
1415 1581 1514 1616 quae
1531 1568 1632 1607 sane
1650 1568 1814 1606 nullius

164 1625 235 1665 hic
251 1626 307 1665 est
321 1628 547 1665 momenti.

217 1679 511 1720 Conciliando
522 1686 672 1719 tamen
683 1679 780 1718 haec
792 1679 848 1717 ad
860 1680 1064 1721 inuicem,
1082 1677 1119 1715 8(
1136 1677 1366 1715 limitando
1381 1688 1445 1719 ea,
1463 1685 1551 1723 qua
1563 1675 1656 1713 fieri
1669 1675 1813 1723 potest,

164 1732 404 1779 subtilitate,
427 1734 739 1772 intermedium
759 1732 958 1770 videlicet
981 1733 1278 1770 maximarum
1299 1732 1672 1776 minimarumque
1694 1728 1813 1766 diffe-

164 1787 451 1826 rentiolarum
467 1787 735 1835 accipiendo,
755 1788 986 1834 proueniet
1003 1785 1248 1832 Longitudo
1266 1784 1411 1821 Nouae
1429 1783 1574 1821 Stellae
1591 1784 1635 1820 in
1653 1788 1758 1829 part.
1777 1782 1812 1820 6.

96 1854 129 1880 25
167 1839 192 1889 Ι.
204 1840 267 1880 53.
281 1839 324 1890 ΙΙ.
336 1842 387 1880 57
403 1844 462 1887 bs,
478 1841 551 1880 vbi
568 1852 668 1879 cum
680 1842 752 1878 vix
768 1842 851 1878 tria
867 1838 1068 1886 scrupula
1083 1838 1271 1876 secunda
1287 1837 1343 1875 ad
1359 1838 1515 1874 minuti
1532 1838 1684 1883 integri
1697 1847 1811 1873 com-

164 1894 402 1942 pletionem
422 1894 639 1939 deficiant,
661 1893 1001 1942 Longitudinem
1022 1894 1128 1935 eius,
1151 1891 1249 1929 satis
1269 1890 1443 1938 praecise
1465 1889 1811 1936 disposuerimus,

164 1947 194 1986 fi
205 1959 304 1987 eam
315 1950 361 1987 in
371 1954 479 1996 part.
492 1948 528 1987 6.
543 1946 568 1996 Ι.
581 1948 632 1987 54
649 1950 690 1992 {5
711 1947 904 1986 absolute
922 1945 1194 1984 constitutam
1210 1944 1338 1986 fuisse,
1356 1945 1810 1990 pronunciauerimus.

165 2001 411 2040 Latitudine
428 2013 606 2050 quoque
623 2003 814 2049 partium
826 2000 888 2038 53.
904 1998 928 2047 l.
942 2000 991 2037 45
1005 1998 1220 2041 existente,
1239 2009 1338 2035 cum
1351 1997 1388 2036 8(
1401 1997 1471 2034 hic
1486 1997 1539 2034 ab
1554 1996 1811 2033 intermedia

163 2054 485 2103 scrupulositate
503 2055 653 2094 saltem
670 2057 806 2102 quina
823 2053 1025 2092 Secunda
1046 2052 1211 2090 nullius
1232 2050 1404 2098 prorsus
1426 2049 1720 2087 aestimationis
1741 2049 1810 2086 de-

96 2120 129 2147 30
164 2107 412 2147 [iderentur.
430 2108 545 2156 Quae
562 2108 786 2156 hucusque
803 2109 848 2145 in
864 2107 983 2144 hunc
999 2106 1182 2144 modum
1194 2107 1313 2143 varie
1331 2105 1528 2151 experiri.
1545 2103 1811 2149 tandemque

164 2161 219 2200 ad
235 2163 431 2201 amussim
447 2162 674 2211 explorata
691 2161 870 2200 reddere
887 2160 1129 2208 sategimus.

202 2268 280 2308 EX
299 2268 452 2308 SOLA
473 2267 929 2308 DECLINATIONE
950 2265 1155 2312 ATQUE
1178 2263 1547 2303 LATITUDINE
1569 2261 1775 2300 LONGI-

415 2331 702 2371 TUDINEM
724 2329 916 2369 NOUAE
938 2327 1173 2367 STELLAE
1194 2325 1558 2365 EXPENDERE.

166 2402 370 2493 EJBET
381 2402 555 2451 insuper
568 2414 621 2441 ex
630 2402 720 2451 ipsa
730 2401 1037 2440 Declinatione
1048 2399 1192 2437 Stellae
1205 2404 1335 2445 atque
1348 2399 1441 2435 eius
1452 2395 1710 2435 Latitudine,
1723 2396 1811 2432 iam

94 2467 127 2494 3⁵
266 2458 392 2495 toties
412 2456 651 2504 explorata,
674 2454 1013 2503 Longitudinem
1035 2454 1233 2500 experiri,
1255 2449 1630 2498 quemadmodum
1650 2447 1756 2494 Cap.
1775 2447 1809 2483 2.

164 2507 453 2557 Copernicaeo
466 2510 680 2557 Exemplo
692 2511 737 2547 in
750 2509 877 2556 Spica
891 2514 938 2555 m)
956 2507 1149 2549 fecimus.
1167 2505 1236 2543 sed
1252 2505 1478 2552 promtiori
1495 2502 1810 2592 suppgitzgjionis

270 2570 320 2596 ⁴⁶·
1547 2567 1592 2592 in
1626 2566 1653 2591 u
1713 2564 1809 2595 one.
