2243 3225
395 212 472 249 366
768 203 1222 244 ASTRONOMIAE
1243 199 1666 240 INSTAURATAE

423 313 655 353 STELLAE
677 311 867 350 NOUAE
888 308 1230 348 MULTOTIES
1252 305 1639 346 EXPLORATUS
1660 305 2009 345 COMPROBA-
2061 313 2126 346 388

590 373 828 419 TUSQUE
849 371 1055 415 LOCUS,
1077 370 1210 408 TAM
1232 369 1451 416 QUOAD
1473 367 1836 407 ECLIPTICAM
2075 372 2094 403 †

905 433 1087 480 QUAM
1108 431 1521 478 AEQUATOREM.

1174 595 1181 636 1
1202 591 1448 639 Longitudo
2076 604 2092 629 5

1175 647 1181 689 Ι
1203 644 1405 683 Latitudo

882 622 889 691 Ι
906 619 1125 666 Eclipticae

667 671 871 721 Respe‘stu
1175 699 1183 743 1
1203 697 1297 736 Asc.
1315 696 1445 736 Rec'ta

882 700 889 771 1
905 725 1183 798 AEquatonsl
1203 751 1453 789 Declinatio
1535 751 1577 788 61

906 805 1022 845 Coeli
1038 805 1246 843 mediatio

446 906 556 943 Haec
578 916 630 942 eo
651 904 783 942 modo
804 903 1042 946 constituta,
1066 914 1157 941 non
1177 903 1328 941 dubito
1349 903 1461 940 adeo
1481 907 1682 940 accurate
1703 904 1898 946 inuenta,
1920 902 2039 950 quod
2080 915 2110 940 ιο

393 958 557 1006 dimidij
586 960 742 995 minuti
768 959 826 995 cis
851 956 921 994 vel
945 956 1056 995 vltra
1080 958 1340 1004 neutiquam
1366 955 1618 994 admittatur
1643 955 1849 1000 deuiatio,
1877 961 1921 994 vt
1949 955 2040 1004 ipsa

392 1011 618 1059 multiplex
634 1011 973 1058 inuestigationis
990 1012 1100 1048 ratio
1116 1012 1161 1047 in
1177 1021 1315 1048 vnum
1329 1009 1489 1057 vbique
1505 1009 1684 1057 scopum
1700 1009 1909 1053 recidens,
1925 1008 2038 1047 suffi-

393 1067 553 1102 cienter
573 1064 805 1107 attestatum
827 1064 883 1102 ad
904 1075 1038 1111 quam
1058 1063 1160 1101 sane
1181 1062 1481 1111 praecifionem
1496 1064 1729 1110 peruenire
1746 1074 1837 1100 non
1853 1062 2038 1105 licujsset.

392 1118 468 1155 nifi
485 1118 522 1155 &
539 1118 747 1156 distantiae
759 1117 993 1156 Stellarum
1009 1118 1087 1154 rite
1104 1116 1344 1155 obseruatae
1361 1116 1539 1160 fuissent‚
1557 1115 1595 1154 8(
1612 1115 1709 1154 loca
1725 1116 1967 1154 earundem
1983 1116 2039 1155 ad

392 1170 588 1209 exactam
606 1171 721 1209 Coeli
737 1182 941 1208 normam
957 1169 1191 1208 verificata.
2080 1182 2110 1208 15

444 1225 498 1262 Vt
514 1236 617 1262 vero
634 1224 826 1262 constare
842 1224 972 1271 possit‚
994 1235 1129 1271 quam
1144 1234 1412 1272 magnopere
1429 1223 1600 1267 interfit,
1623 1222 1857 1261 Stellarum
1872 1221 2039 1262 Affixa-

392 1290 489 1316 rum
504 1278 601 1316 loca
617 1278 672 1316 ad
688 1278 885 1316 amussim
900 1277 1089 1315 restituta
1106 1278 1194 1321 eBe,
1212 1281 1452 1324 antequam
1464 1276 1758 1320 Planetarum‚
1775 1276 1845 1314 vel
1861 1276 2040 1315 alterius

391 1331 678 1369 Phaenomeni
689 1331 814 1369 litum
826 1330 1013 1378 praecise‚
1026 1330 1128 1368 hinc
1140 1331 1354 1369 deducere
1366 1330 1505 1375 liceat,
1523 1341 1746 1378 quamque
1758 1330 2040 1368 necessarium

391 1390 520 1432 atque
537 1385 686 1422 vtilem
702 1387 747 1422 in
763 1383 1050 1423 rec‘tificandis
1062 1384 1271 1422 Fixarum
1287 1384 1393 1422 locis
1406 1383 1514 1432 Cap.
1527 1384 1551 1422 2
1567 1383 1785 1422 Laborem
1800 1383 2039 1431 praestiteri-

391 1450 500 1481 mus,
522 1438 591 1475 vel
612 1450 664 1476 ex
686 1437 754 1475 his
775 1438 1055 1485 aliquatenus
1071 1443 1232 1485 pateat:
1254 1437 1393 1475 Lubet
1409 1437 1562 1484 quales
1579 1437 1725 1476 Stellae
1741 1437 1874 1475 huius
1891 1437 2039 1476 Nouae
2077 1449 2110 1475 20

391 1503 443 1529 ex
459 1491 714 1539 praescriptis
730 1491 897 1539 aliquot
914 1491 1120 1539 distantijs
1133 1491 1171 1529 8(
1182 1491 1370 1529 assumtis
1385 1490 1679 1538 Copernianis
1696 1497 1827 1538 atque
1839 1490 2038 1539 Alphon-

390 1544 488 1582 finis
505 1545 712 1583 Fixarum
731 1545 850 1587 locis,
871 1544 1043 1592 politus,
1065 1546 1213 1582 minus
1228 1550 1378 1582 tamen
1394 1544 1585 1592 appofite
1602 1546 1916 1582 conuenientes
1937 1543 2039 1582 hinc

390 1598 614 1645 prodeant,
636 1598 855 1646 expiscari,
877 1604 1008 1646 atque
1029 1599 1167 1636 obiter
1188 1598 1226 1636 8(
1246 1598 1453 1636 breuibus
1469 1603 1697 1641 annotare,
1719 1609 1808 1645 quo
1825 1597 1863 1635 &
1879 1598 2040 1636 dissona

391 1651 589 1689 consonis
606 1652 775 1695 collata,
792 1654 884 1690 veri
901 1652 1204 1690 certitudinem
1220 1651 1393 1699 plenius
1410 1651 1649 1690 elucescere
1665 1650 1838 1690 faciant.
1857 1647 1871 1701 ΙΙ

462 1758 988 1797 EXPERIMENTATIO
1010 1758 1174 1797 SITUS
1195 1758 1348 1797 NOUI
1370 1758 1603 1801 SIDERIS,
1626 1757 1970 1797 SECUNDUM
2063 1763 2127 1796 389

639 1821 914 1859 FIXARUM
937 1821 1110 1864 LOCA.
1133 1820 1321 1859 IUXTA
1344 1820 1789 1859 COPERNIANAM

785 1883 1301 1927 NUMERATIONEM,
1323 1882 1642 1922 DISPOSITA.

483 1944 696 1983 TAMUR
716 1945 786 1983 hic
803 1945 938 1983 tribus
955 1946 1038 1983 illis
1056 1945 1209 1989 Stellis,
1227 1958 1328 1984 cum
1345 1945 1503 1993 quibus
1520 1945 1656 1983 Noua
1672 1944 2039 1984 Rhomboidalem

483 1997 621 2035 effecit
638 1998 854 2045 Figuram.
873 2011 1062 2046 quarum
1079 1999 1175 2038 loca
1192 1999 1247 2038 ad
1264 2000 1416 2037 datum
1432 1999 1639 2046 Tempus,
1657 1997 1825 2037 adiecfta
1840 1998 2039 2037 videlicet

391 2050 673 2097 Coperniana
685 2051 1068 2099 AEquinocliorum
1085 2054 1359 2100 praecessione
1377 2053 1495 2100 (quae
1513 2059 1603 2091 erat
1619 2059 1722 2090 tunc
1734 2058 1841 2100 part.
1854 2052 1917 2090 27.
1932 2050 1957 2099 Ι.
1969 2051 2037 2098 49)
2075 2063 2109 2089 ³0

391 2104 444 2141 ad
458 2115 609 2141 earum
622 2106 646 2141 a
659 2107 800 2152 prima
815 2111 859 2144 V
874 2107 994 2143 iuxta
1007 2106 1145 2153 ipsum
1158 2109 1461 2149 remotionem.
1479 2108 1747 2154 proueniunt
1764 2105 2038 2148 eiuscemodi.

391 2163 517 2203 prout
534 2157 587 2195 ab
605 2160 727 2195 initio
745 2161 875 2196 etiarn
893 2162 1219 2198 annotauimus.

1895 2549 2038 2589 Placet
