2243 3225
354 204 430 242 328
726 196 1180 238 ASTRONOMIAE
1202 192 1623 234 INSTAURATAE

353 308 484 346 Stella
499 307 648 353 aliqua
659 304 922 352 Vulgaribus
935 303 1128 342 Cometis
1144 301 1414 349 praestantior
1430 300 1627 341 extiterit,
1644 298 1766 337 haud
1782 301 1887 337 citra
1902 311 1995 338 rem

352 361 496 399 sentio.
516 358 753 406 Oportebat
770 359 887 395 enim
903 356 987 394 hoc
1003 358 1180 404 igneum
1192 355 1458 396 Portentum,
1476 352 1595 400 quod
1607 352 1712 390 Vrbi
1725 352 1994 397 imminebat,

352 425 442 451 non
458 413 584 460 longe
601 416 818 449 remotum
835 410 950 447 fuisse
967 421 993 447 a
1009 410 1167 446 vertice
1183 408 1311 445 Vrbis
1327 405 1761 454 Hierosolymitanae;
1779 405 1888 444 alias
1903 417 1995 444 non

351 468 487 513 magis
503 465 629 508 hanc,
648 475 782 511 quam
798 463 931 501 aliam
948 462 1095 500 Iudeae
1112 461 1339 504 indicasset‚
1356 462 1402 497 in
1416 459 1546 497 Coelo
1563 464 1639 497 aut
1655 461 1787 497 etiam
1798 460 1914 497 Aere
1929 458 1994 497 su-

351 530 501 566 premo
520 518 579 564 (vt
590 517 743 555 volunt
754 514 1042 563 Peripatetici)
1058 526 1181 552 more
1198 513 1388 552 aliorum
1401 512 1688 551 Cometarum
1700 518 1824 550 motu
1836 512 1994 550 diurno
2032 527 2047 552 ⁵

351 571 617 609 reuolutum:
641 569 731 617 ipsa
751 571 883 607 etiam
902 574 1005 606 tunc
1026 569 1164 605 nimia
1184 566 1394 610 distantia,
1418 577 1705 613 nequaquam
1727 565 1994 613 peculiarem

350 625 543 672 aliquem
555 623 592 661 8(
603 625 781 660 vnicum
793 624 838 659 in
850 621 994 659 Terris
1010 621 1158 658 locum
1172 619 1431 667 defignante.
1449 619 1641 657 Durauit
1652 619 1749 657 haec
1760 621 1893 657 etiam
1903 619 1995 657 Fax

350 676 595 725 portentosa
611 676 720 714 vltra
737 675 987 713 consuetam
1000 674 1289 712 Cometarum
1304 673 1548 720 periodum,
1565 674 1783 720 integrum
1795 672 1995 711 videlicet

349 732 544 773 Annum,
562 730 717 768 eodem
729 727 910 775 Iosepho
922 727 1033 765 teste.
1051 727 1148 764 Fuit
1161 729 1309 774 itaque
1321 725 1535 774 fingulare
1547 725 1772 773 quoddam
1783 725 1994 764 diuinitus

349 784 611 826 ordinatum,
633 783 688 821 ad
704 781 1043 830 praemonendos
1061 780 1195 818 Ciues
1212 779 1651 828 Hierosolymitanos,
1671 779 1723 817 de
1739 778 1994 817 instantibus
2034 792 2064 819 ιο

349 837 577 874 horrendis
599 835 805 878 cladibus,
829 834 906 872 nisi
927 833 1228 881 resipiscerent,
1254 833 1496 876 Ostentum;
1518 832 1644 870 Vnde
1666 829 1994 882 prodi-Hgiosam
2016 839 2075 872 331

348 890 588 928 admodum
605 889 823 926 Naturam
839 899 1015 935 quoque
1032 886 1230 931 obtinuit,
1248 888 1274 924 a
1290 886 1525 925 Stellarum
1536 885 1575 924 &
1587 885 1877 924 Cometarum
1892 897 1993 924 con-

348 943 584 980 ditionibus
604 942 731 989 longe
753 947 989 983 exemtam;
1012 940 1129 988 quod
1151 940 1248 988 alijs
1263 940 1443 977 vlterius
1464 939 1816 987 expendendum,
1838 939 1993 987 dijudi-

349 996 625 1042 candumque
642 995 856 1042 relinquo.

401 1049 593 1087 Narrant
605 1048 741 1095 aliqui
752 1047 1083 1090 Historicorum,
1093 1046 1311 1094 Tempore
1321 1045 1577 1084 ADRIANI
1587 1046 1879 1093 Imperatoris,
1892 1045 1993 1084 asci-
2034 1059 2064 1085 15

347 1104 484 1140 titiam
505 1104 550 1139 in
567 1101 696 1140 Coelo
717 1101 955 1148 apparuisse
972 1100 1164 1144 Stellam,
1189 1100 1307 1147 quod
1328 1111 1387 1138 an
1407 1102 1467 1138 ita
1486 1099 1527 1137 se
1547 1099 1762 1144 habuerit,
1783 1110 1885 1138 cum
1902 1110 1994 1138 non
2030 1108 2051 1139 †

348 1167 500 1193 omnes
516 1154 598 1193 hac
615 1157 660 1192 in
677 1166 722 1192 re
739 1154 1020 1197 consentiant,
1042 1154 1372 1201 admodumque
1389 1155 1536 1191 ieiune
1553 1153 1596 1191 id
1611 1164 1638 1191 a
1653 1154 1806 1201 paucis
1823 1152 1993 1200 quibus·

347 1209 448 1246 dam
471 1208 693 1251 reseratur,
716 1214 928 1255 tanquam
952 1212 1127 1255 propter
1148 1207 1368 1245 Caesarem
1392 1205 1640 1251 confictum,
1664 1206 1707 1245 id
1730 1208 1776 1244 in
1797 1205 1993 1251 dubium,

347 1261 519 1309 fideque
535 1263 682 1299 minus
698 1261 878 1309 dignum
895 1261 1109 1308 relinquo.

400 1315 731 1353 Commemorat
756 1316 888 1352 etiam
914 1313 1244 1353 CYPRIANVS
1269 1313 1589 1357 LEOVITIVS,
1613 1313 1689 1351 Vir
1712 1313 1886 1352 Nobilis
1910 1313 1992 1351 Bo·
2030 1326 2063 1352 20

347 1368 515 1412 hernus,
547 1368 584 1405 8(
609 1368 876 1416 Astrologiae,
908 1365 1297 1405 constructionibus
1322 1367 1560 1415 praesertim
1585 1366 1930 1415 Ephemeridum
1955 1365 1994 1404 8(
2030 1375 2050 1406 †

346 1421 616 1459 Tabularum
638 1421 740 1459 huic
763 1421 1105 1465 inseruientium,
1129 1420 1342 1459 laboriose
1366 1419 1574 1464 addictus,
1598 1422 1644 1458 in
1665 1420 1859 1468 pagellis,
1883 1431 1993 1468 quas

347 1475 398 1512 de
416 1474 497 1512 hac
510 1474 641 1513 Stella
657 1475 800 1519 edidit,
817 1474 857 1512 se
872 1475 989 1522 apud
1002 1474 1269 1512 Historicum
1285 1475 1491 1522 reperisse‚
1503 1473 1722 1521 Tempore
1735 1472 1993 1512 OTTONIS

347 1528 478 1565 Primi
491 1528 769 1575 Imperatoris
781 1528 981 1572 Romani,
998 1527 1179 1565 fimilem
1193 1527 1373 1566 Stellam
1386 1530 1432 1566 in
1447 1528 1604 1566 eodem
1614 1527 1750 1566 ferme
1763 1526 1880 1566 Coeli
1895 1527 1993 1565 loco

347 1580 634 1628 conspeetam
655 1581 724 1619 sed
741 1583 767 1619 a
784 1593 872 1628 quo
889 1581 1252 1629 Historiographo
1270 1582 1312 1620 id
1328 1581 1500 1625 habeat,
1517 1592 1609 1619 non
1624 1581 1811 1619 adducit.
1834 1580 1992 1628 Neque
2029 1593 2062 1619 25

346 1637 390 1672 in
407 1635 548 1679 Libro,
566 1646 698 1682 quem
714 1635 766 1673 de
784 1633 1182 1673 Coniunc'tionibus
1199 1635 1376 1683 Magnis
1393 1634 1608 1682 inscripfit,
1626 1646 1728 1673 cum
1744 1646 1798 1673 ex
1813 1633 1993 1682 professo

346 1688 398 1725 de
421 1688 579 1726 talibus
601 1687 812 1732 tractaret,
838 1688 973 1726 vllam
997 1691 1110 1727 circa
1132 1688 1353 1736 Tempora
1377 1688 1551 1727 Ottonis
1574 1688 1707 1726 Primi
1731 1687 1993 1726 eiuscemodi

346 1740 502 1785 Stellae,
520 1744 789 1779 mentionem
806 1741 917 1780 facit.

399 1794 530 1832 Addit
552 1806 728 1842 quoque
745 1796 879 1833 Anno
901 1795 1007 1839 1264,
1030 1795 1209 1834 Stellam
1229 1795 1444 1844 Magnam
1461 1795 1499 1833 &
1517 1796 1729 1834 Lucidam
1749 1797 1795 1833 in
1815 1794 1992 1843 Septen·

346 1848 518 1885 trionali
531 1847 646 1886 Coeli
663 1854 796 1895 parte,
814 1849 884 1886 vbi
902 1848 939 1886 8(
955 1848 1051 1887 haec
1068 1849 1222 1891 nostra.
1240 1851 1354 1888 circa
1370 1849 1510 1897 ipsum
1522 1848 1761 1897 Cassiopeae
1773 1848 1902 1887 Sidus
1917 1859 1991 1896 ap·
2028 1860 2061 1887 30

346 1902 536 1948 paruisse,
553 1908 773 1939 carentem
789 1902 979 1940 similiter
996 1903 1199 1945 crinibus,
1217 1902 1255 1940 8(
1271 1909 1394 1941 motu
1406 1904 1584 1950 proprio
1596 1902 1856 1945 destitutam:
1873 1901 1992 1950 quod

347 1954 374 1991 s1
389 1956 447 1992 ita
461 1954 499 1991 se
513 1954 653 1997 habet.
671 1955 771 1993 sane
784 1967 874 1993 non
887 1967 1072 2003 paruam
1085 1956 1213 1994 Sidus
1226 1956 1346 1999 illud,
1363 1968 1464 1994 cum
1477 1968 1542 2000 eo,
1559 1956 1612 1994 de
1625 1967 1713 2004 quo
1725 1955 1797 1994 hic
1809 1957 1991 2004 agimus,

347 2007 771 2054 correspondentiam
792 2008 1058 2053 sortiebatur,
1082 2015 1175 2047 tum
1196 2010 1344 2057 quoad
1366 2010 1482 2049 Coeli
1504 2010 1651 2048 locum
1673 2009 1876 2052 eundem,
1899 2014 1993 2047 tum

347 2063 477 2098 etiam
493 2060 680 2099 sormam
697 2068 827 2109 atque
845 2063 1207 2101 immobilitatem.

400 2115 642 2152 Annotauit
663 2121 810 2153 autern
832 2116 903 2153 ille
925 2116 964 2153 se
986 2116 1118 2154 huius
1135 2116 1424 2155 Phaenomeni
1445 2116 1789 2164 descriptionem,
1811 2127 1864 2155 ex
1885 2127 1991 2164 quo·
2028 2127 2061 2154 ³⁵

348 2167 447 2204 dam
464 2167 755 2215 manuscripto
773 2170 918 2207 codice
936 2169 1182 2208 desumsisse.
1201 2170 1295 2208 Nec
1312 2170 1437 2209 facile
1454 2167 1748 2220 cre-ndiderim
1759 2169 1885 2208 illum
1896 2169 1991 2208 haec
2015 2174 2077 2208 332

348 2219 450 2257 falsa
476 2232 553 2267 pro
579 2223 691 2258 veris
718 2223 842 2260 nobis
868 2223 1091 2261 obtrufisse.
1118 2223 1339 2270 Quorsum
1365 2226 1484 2262 enim
1509 2224 1551 2262 id
1577 2222 1763 2262 faceret?
1793 2223 1992 2262 Dubium

347 2279 493 2310 tamen
515 2281 674 2317 mouet,
696 2276 813 2321 quod
835 2276 1162 2319 PONTANVS,
1185 2277 1569 2316 CAMERARIVS
1590 2277 1627 2315 8(
1649 2277 1830 2324 quidam
1850 2276 1923 2325 alij
1946 2278 1992 2314 in
2028 2283 2048 2314 †

348 2325 464 2363 hunc
487 2327 623 2373 ipsum
641 2329 822 2365 Annum
841 2329 1072 2367 Cometam
1094 2331 1317 2377 quendam
1339 2331 1490 2379 insigni
1508 2331 1816 2379 Magnitudine
1837 2329 1991 2378 praedi-

348 2385 451 2420 tum.
470 2387 695 2426 reponant.
713 2382 1001 2428 quadrantem
1014 2384 1134 2420 Anni
1151 2384 1395 2422 durantem.
1414 2384 1497 2423 Sed
1514 2396 1615 2422 cum
1627 2384 1853 2422 Fontanus
1865 2384 1991 2426 dicat,
2028 2393 2061 2420 ⁴0

348 2443 449 2469 eum
467 2433 520 2470 ab
539 2433 716 2471 Oriente
734 2434 863 2481 vsque
882 2438 925 2472 in
943 2436 1057 2474 Coeli
1075 2438 1282 2478 medium.
1301 2437 1505 2476 Caudam
1522 2438 1788 2485 protendisse.
1810 2448 1902 2475 non
1917 2447 1991 2485 po-

348 2487 440 2522 terit
465 2497 516 2523 ea
541 2486 627 2532 ipsa
652 2489 727 2524 essc
750 2487 893 2529 Stella.
918 2501 1051 2535 quam
1074 2490 1404 2529 CYPRIANVS
1428 2491 1514 2529 sine
1536 2492 1727 2530 crinibus
1748 2493 1793 2529 in
1814 2490 1990 2539 Septen·

1851 2546 1991 2582 trione
