2164 3246
393 215 1051 255 PROGYMNASMATUM
1074 218 1277 257 PRIMA
1300 220 1450 258 PARS
1690 223 1747 260 ll9

95 321 389 361 80658715830.
407 320 496 367 Qui
513 321 673 359 divisus
690 333 766 369 per
782 324 1011 361 inventum
1023 326 1227 371 primum,
1246 326 1418 364 exhibet
1431 334 1636 374 quartum
1649 340 1745 375 pro-

95 374 388 424 portionalem
402 374 568 412 1518939
580 374 865 422 Tangentem,
883 378 1007 424 cujus
1024 389 1151 415 arcus
1167 378 1202 416 8.
1217 379 1258 416 Ρ.
1271 379 1333 417 38.
1349 378 1373 426 l.
1388 380 1439 417 12.
1455 379 1497 427 ll.
1516 380 1746 419 subductus

95 429 151 468 ab
166 439 272 467 arcu
287 427 525 476 Tangentis
545 430 703 475 prioris
719 428 755 466 9.
773 428 816 466 P.
834 429 887 467 19.
907 428 932 477 l.
950 430 1012 467 34.
1033 429 1075 477 ll,
1097 431 1302 478 relinquit
1318 432 1509 471 Prostha:
1533 434 1745 472 Eccentri-

95 483 233 521 citatis
247 482 302 519 41.
317 479 342 529 Ι.
355 481 418 519 22.
433 479 476 529 ll.
493 480 847 525 subtrahendam,
864 489 1106 530 propterea,
1124 485 1241 531 quod
1254 486 1493 524 Anomalia
1514 488 1541 531 ))
1558 487 1745 526 secundo

95 540 326 582 coaequata
336 536 482 572 minor
493 534 573 572 fuit
584 534 867 573 semicirculo.
886 536 1010 580 Haec,
1029 543 1068 574 et
1079 537 1275 575 Variatio
1288 538 1438 576 Centri
1452 540 1640 588 Epicycli
1653 541 1744 578 sub-

94 587 240 628 traaae
265 599 293 626 a
317 593 549 635 coaequato
573 593 698 625 motu
724 588 1027 636 Longitudinis
1056 591 1084 634 j)
1111 591 1164 628 ab
1191 591 1467 638 aequinodtio,
1494 593 1745 640 relinquunt

94 653 249 681 verum
268 641 417 679 locum
445 642 474 686 D
499 641 562 679 26.
584 641 627 679 P.
649 641 712 679 23.
736 640 762 689 Ι.
785 642 847 679 20.
867 641 910 690 ll.
937 645 971 685 Π
1000 655 1088 690 quo
1111 644 1166 681 ad
1187 647 1410 691 propriam
1432 648 1525 693 ejus
1547 647 1743 685 orbitam.

94 695 272 739 Verum,
289 699 337 732 ut
352 694 408 733 ad
425 694 681 742 Eclipticam
697 695 943 739 reducatur,
961 696 1013 733 de
1031 708 1118 743 quo
1136 697 1280 743 postea
1296 698 1529 736 dicendum
1547 702 1636 742 erit,
1653 700 1744 738 sub-

94 748 324 788 trahantur
340 748 367 786 1.
382 746 407 795 l.
425 749 470 786 ll.
485 746 528 796 ll,
546 748 779 795 evaditque
795 760 926 786 verus
942 749 1064 787 loeus
1084 750 1112 794 j)
1129 750 1191 788 26.
1208 750 1249 787 P.
1265 750 1327 788 22.
1343 750 1367 798 l.
1382 751 1417 789 9.
1434 750 1475 798 ll.
1498 755 1530 793 Π
1557 752 1744 800 respectu

28 815 59 841 ιο
93 801 299 850 polorum
310 801 542 849 Eclipticae.
559 801 861 849 Alphonfinus
874 802 1085 840 Calculus
1098 803 1272 841 exhibet
1288 804 1350 842 27.
1364 804 1406 841 P.
1419 805 1481 841 43.
1497 804 1521 851 l.
1543 808 1576 848 Π
1597 806 1744 844 discre-

94 867 204 904 pans
220 867 248 894 a
263 854 394 894 Coelo
410 856 437 893 1.
454 855 498 893 P.
515 855 569 893 10.
589 853 614 903 l.
633 854 934 903 Coperniceus
951 856 1023 894 dat
1039 856 1101 894 27.
1120 856 1162 893 P.
1188 859 1222 899 Π
1247 857 1344 904 plus
1361 857 1423 895 36.
1443 856 1467 905 l.

95 955 188 1001 DE
215 954 712 1000 LONGITVDINE
742 955 948 1000 LVNAE
975 957 1013 1000 E
1041 956 1317 1001 NOSTRA
1347 958 1742 1003 HYPOTHESI

199 1023 305 1062 PER
325 1023 679 1062 TRIANGVLA
701 1023 1094 1063 GEOMETRICE
1116 1025 1636 1064 DEMONSTRANDA.
