2248 3298
81 852 112 878 10

82 1120 113 1146 15

72 1868 115 2007 &84

78 2456 112 2482 40

441 252 1101 292 PROGYMNASMATUM
1123 255 1326 294 PRIMA
1348 256 1499 295 PARS
1758 259 1799 297 31

148 359 357 400 notitiales
376 360 580 408 ingressus
601 359 806 403 retulerit,
828 359 899 397 vbi
921 359 995 398 Sol
1015 360 1112 398 satis
1134 361 1278 399 adhuc
1299 365 1344 400 in
1365 363 1440 401 isto
1462 363 1707 402 Horizonte
1728 365 1798 403 de-

148 415 272 453 cliuis
292 413 584 451 Altitudinem
605 412 768 450 obtinet
790 412 941 450 saltem
963 421 1071 460 part.
1094 414 1169 457 19},
1193 416 1307 453 vnde
1328 416 1575 455 refractioni
1597 418 1651 455 ad
1672 420 1798 456 mini-

147 478 271 506 mum
281 467 306 504 4
317 469 471 505 minut.
485 466 540 504 est
552 466 783 510 obnoxius,
797 477 932 513 quam
944 478 1045 504 cum
1057 479 1148 505 non
1160 472 1430 515 praecauerit,
1440 471 1700 509 tantundem
1712 471 1798 509 De-

148 521 432 560 clinationem
443 519 573 567 ipfius
583 519 728 557 debito
737 521 958 557 minorem
967 521 1117 558 reddit.
1131 521 1243 559 Haec
1253 533 1357 559 vero
1368 526 1591 570 quaternis
1601 527 1798 571 proxime

147 574 358 622 scrupulis
381 573 505 612 aliter
525 575 648 611 iuxta
667 573 948 611 medietatem
970 579 1009 621 m
1030 573 1070 611 se
1093 574 1275 618 habens,
1300 575 1638 624 Longitudinem
1661 585 1799 616 mutat

147 629 327 666 minutis
339 627 379 665 13
392 629 570 671 circiter,
588 637 688 674 quae
700 632 803 664 tunc
815 628 888 664 vix
905 629 1101 674 quinque
1119 627 1239 665 horis
1255 628 1557 673 absoluuntur;
1576 630 1613 667 &
1629 638 1799 669 tanturn

148 683 281 720 etiam
299 683 346 719 in
366 681 547 729 ingressu
567 680 623 718 ad
644 680 685 718 15
705 680 891 728 gradum
907 679 1072 728 Scorpij
1094 683 1263 719 ratione
1281 681 1564 721 Restactionis
1581 685 1698 731 apud
1716 685 1799 722 Co-

147 736 376 784 pernicum
396 733 602 772 abundat.
624 733 680 771 Vt
699 744 792 771 non
812 733 986 777 addam,
1011 735 1130 781 quod
1152 734 1226 772 Sol
1247 734 1367 773 haud
1387 735 1536 774 saltem
1557 738 1612 774 ad
1633 738 1800 776 medias

147 794 291 838 partes
312 794 370 836 m,
391 787 462 826 sed
483 789 616 825 etiam
636 789 759 825 iuxta
778 788 904 825 initia
922 793 967 826 V
991 786 1029 824 8(
1055 791 1096 830 20:
1121 788 1446 835 aliquantulam
1467 788 1798 835 Refrae‘tionem,

147 842 246 880 licet
260 853 352 880 non
368 840 611 880 admodum
625 839 868 878 sensibilem
883 851 975 888 prae
991 840 1031 878 se
1048 840 1168 879 ferat.
1186 841 1332 879 Multo
1350 844 1496 890 itaque
1513 843 1643 881 satius
1655 844 1799 888 fuisset,

148 895 179 934 fi
197 895 254 934 ad
272 895 470 933 medium
488 894 723 942 Signorum
745 897 785 938 ξς
807 893 845 931 8(
867 895 924 938 Ω,
946 894 1062 932 hanc
1083 896 1464 933 ratiocinationem
1485 896 1726 941 instituisset,
1749 909 1800 935 eo

148 948 267 997 quod
283 948 358 987 Sol
373 948 429 987 ob
444 959 654 996 magnam
664 947 956 985 Altitudinem
972 954 1074 986 tunc
1090 947 1273 986 senfibili
1286 948 1557 988 Refradtione
1573 958 1708 988 vacet.
1726 953 1799 989 At-

149 1014 234 1051 que
254 1001 370 1041 hanc
390 1001 446 1040 ob
467 1001 644 1040 causam
664 1012 720 1039 ne
740 1012 822 1039 nos
842 1003 889 1039 in
909 1001 1102 1039 eundem
1123 1004 1280 1040 erroris
1299 1002 1526 1050 scopulum
1542 1005 1799 1052 impingere-

148 1067 260 1101 mus,
275 1055 454 1094 tranfitu
469 1066 547 1103 per
561 1055 842 1093 medietatem
862 1064 904 1091 xa
921 1054 959 1092 &
977 1061 1016 1103 m
1037 1054 1292 1103 posthabito,
1309 1056 1364 1094 ad
1381 1056 1537 1095 altiora
1553 1057 1628 1095 illa
1643 1057 1740 1096 loca
1756 1061 1800 1095 in

148 1109 296 1148 medio
317 1112 358 1154 ξς
380 1108 418 1147 8(
439 1110 478 1154 Ω
502 1108 842 1148 obseruationes
863 1114 994 1156 atque
1016 1108 1236 1146 calculum
1257 1109 1508 1148 direximus.
1533 1111 1714 1149 Videtur
1736 1114 1799 1149 ni-

148 1162 391 1202 hilominus
414 1162 689 1211 Copernicus
711 1161 964 1200 Parallaxin
987 1161 1100 1200 Solis
1123 1165 1169 1200 in
1190 1162 1276 1200 suis
1297 1162 1687 1202 obseruationibus
1709 1176 1800 1202 non

148 1216 386 1265 neglexisse‚
402 1222 447 1254 vt
457 1218 617 1264 partim
628 1215 730 1254 inde
742 1215 969 1264 colligitur,
987 1216 1106 1263 quod
1117 1222 1344 1264 tantopere
1358 1217 1545 1255 dissideat
1557 1220 1650 1255 eius
1662 1230 1799 1256 anno-

147 1272 254 1309 tatio
269 1270 324 1309 ab
340 1269 562 1308 interstitio
578 1281 605 1308 a
620 1269 748 1307 nobis
763 1269 818 1307 ab
837 1275 884 1309 V
902 1269 958 1307 ad
979 1273 1020 1312 -0-
1042 1270 1362 1314 animaduerso,
1383 1282 1489 1308 nam
1504 1270 1534 1308 fi
1550 1271 1800 1310 Parallaxin

148 1335 240 1362 non
261 1322 528 1368 adhibuisset,
550 1325 697 1361 minor
719 1329 832 1361 certe
854 1322 965 1361 soret
987 1323 1083 1361 haec
1105 1323 1402 1371 discrepantia,
1424 1324 1642 1362 Parallaxi
1663 1325 1700 1362 8(
1722 1325 1799 1363 Re-

147 1375 358 1417 frac'iione
378 1376 462 1415 sese
482 1378 677 1415 inuicem
696 1376 786 1415 fere
807 1376 1081 1421 elidentibus‚
1101 1384 1144 1414 vt
1160 1378 1215 1415 ob
1232 1377 1275 1415 id
1291 1384 1436 1415 motus
1453 1377 1565 1416 Solis
1581 1390 1672 1416 non
1689 1378 1800 1416 adeo

148 1442 176 1470 a
189 1442 296 1469 vero
311 1430 518 1469 differens
534 1432 820 1474 inueniretur,
843 1429 880 1468 8(
900 1441 977 1478 per
993 1430 1264 1478 consequens
1280 1431 1514 1469 interualla
1529 1430 1799 1479 AEquinoc‘ti-

148 1495 278 1523 orum
292 1483 450 1523 refflus
461 1484 501 1522 se
513 1484 742 1523 haberent:
759 1486 918 1531 partim
930 1483 1048 1531 quod
1061 1483 1334 1522 Doctissimus
1347 1484 1689 1523 Mathematicus
1702 1485 1799 1523 GE-

149 1537 366 1578 ORGIVS
382 1537 727 1577 IOACHIMVS
744 1537 1038 1576 RHETICVS
1055 1537 1290 1586 Copernici
1307 1538 1556 1586 Discipulus
1572 1541 1618 1576 in
1635 1550 1686 1576 ea
1702 1550 1799 1576 nar-

148 1594 318 1631 ratione
333 1591 390 1630 ad
406 1591 461 1630 D.
474 1591 816 1630 IOHANNEM
834 1590 1227 1635 SCHONERVM‚
1246 1603 1345 1639 quae
1364 1592 1497 1639 Operi
1515 1591 1800 1639 Coperniano

148 1647 195 1684 in
213 1644 302 1684 fine
323 1645 472 1684 addita
491 1644 559 1690 est,
583 1645 709 1689 dicat,
725 1645 905 1683 Veteres
927 1647 1034 1682 anni
1055 1644 1220 1683 Siderei
1241 1647 1457 1683 rationem
1481 1644 1678 1683 exactam
1702 1657 1801 1684 eam

149 1701 282 1738 etiam
301 1699 357 1738 ob
378 1698 555 1738 causam
574 1710 667 1737 non
685 1699 940 1747 cognouisse,
963 1699 1082 1746 quod
1098 1700 1348 1746 ignorantes
1366 1704 1527 1736 certa'm
1544 1699 1800 1746 Ecclipfium

148 1754 378 1798 rationem,
394 1752 662 1791 diuerfitates
678 1751 872 1800 aspectus
884 1752 1009 1796 Solis,
1027 1764 1128 1799 quae
1140 1752 1241 1790 inde
1252 1753 1430 1790 tandem
1443 1752 1710 1796 deriuantur‚
1727 1764 1799 1790 ne-

148 1806 371 1855 glexerint,
387 1806 503 1845 vnde
519 1806 721 1854 colligere
737 1806 835 1844 licet
850 1805 926 1854 ipfi
942 1804 1212 1853 perspedlum
1228 1805 1356 1850 fuisse‚
1375 1805 1672 1853 Copernicum
1688 1806 1800 1844 Prae-

149 1866 370 1908 ceptorem
384 1859 512 1898 suum
524 1859 644 1898 hunc
656 1871 850 1898 errorem
862 1859 1099 1903 declinasse,
1113 1859 1151 1897 &
1163 1859 1413 1898 Parallaxin
1426 1859 1538 1898 Solis
1551 1859 1800 1898 Obseruatis

148 1913 465 1952 Altitudim'bus
481 1913 739 1961 applicuisse.
757 1910 772 1963 ΙΙ

199 1968 346 2016 Atque
366 1966 435 2005 his
455 1966 581 2005 simul
602 1967 963 2005 concurrentibus
984 1966 1133 2010 causis,
1156 1978 1247 2004 non
1267 1969 1430 2004 mirum
1451 1966 1505 2004 est
1525 1966 1798 2005 COPERNI—

147 2020 280 2060 CVM
296 2020 460 2060 Solaris
476 2020 624 2059 cursus
640 2032 847 2059 normam
862 2023 1010 2058 minus
1025 2019 1172 2059 exacte
1189 2019 1444 2068 praefinijsse‚
1463 2019 1500 2057 &
1516 2027 1741 2067 tantopere
1755 2022 1799 2056 in

146 2075 346 2123 Apogaeo
365 2074 404 2113 8(
422 2074 747 2113 Eccentricitate
770 2077 864 2112 eius
885 2074 1192 2112 constituendis
1214 2085 1240 2111 a
1260 2073 1388 2121 scopo
1409 2075 1541 2121 petito
1563 2073 1798 2111 declinasse.

147 2127 267 2167 Nam
283 2127 322 2166 &
337 2139 419 2166 nos
434 2127 464 2166 fi
479 2130 575 2176 pari
591 2130 761 2166 ratione
777 2127 973 2176 neglecta
989 2127 1130 2166 Solari
1147 2126 1417 2170 refractione.
1439 2127 1634 2165 adhibita
1652 2134 1799 2164 tamen

147 2181 366 2220 Parallaxi
389 2184 542 2220 omnia
564 2182 958 2230 explorauerimus‚
985 2180 1351 2229 depraehendetur
1375 2183 1618 2218 etiamnum
1642 2180 1798 2217 Eccen-

146 2237 308 2274 tricitas
323 2234 437 2274 Solis
453 2242 560 2283 part.
578 2236 605 2273 1.
623 2235 686 2273 M.
699 2235 762 2279 58,
781 2235 900 2283 quod
916 2246 1007 2272 non
1024 2235 1214 2272 multum
1230 2246 1256 2272 a
1273 2234 1507 2282 Copernici
1525 2240 1669 2271 mente
1687 2245 1799 2271 rece·

147 2288 220 2333 dit,
236 2287 275 2327 8(
290 2290 541 2337 Apogaeum
562 2291 694 2327 etiam
710 2289 890 2327 vlterius
911 2299 1047 2336 quam
1068 2295 1199 2326 antea
1219 2288 1499 2336 producetur:
1522 2287 1605 2326 Sed
1626 2287 1720 2325 haec
1738 2289 1799 2324 in-

148 2344 298 2381 uentio
321 2343 377 2381 ob
400 2342 551 2381 causas
574 2340 813 2381 antedictas
837 2344 973 2380 errori
996 2341 1178 2380 senfibili
1201 2348 1329 2389 patet.
1355 2341 1500 2379 Taceo
1526 2352 1655 2382 nunc.
1683 2340 1799 2387 quod

149 2395 328 2444 Organa
338 2395 644 2434 Astronomica
654 2395 753 2434 satis
769 2395 935 2434 affabre
953 2407 974 2433 e
991 2395 1127 2433 solido
1144 2395 1322 2433 metallo
1340 2395 1575 2435 elaborata.
1593 2394 1799 2440 iustaeque

146 2449 460 2498 magnitudinis
477 2461 578 2487 cum
590 2450 796 2488 omnibus
808 2449 894 2487 huc
907 2449 1118 2496 requisitis
1130 2451 1327 2496 apprime
1340 2448 1547 2489 absoluta,
1565 2450 1609 2485 in
1626 2454 1799 2494 promtu

147 2513 240 2541 non
258 2502 461 2541 habuerit
482 2502 770 2551 Copernicus‚
791 2502 910 2540 velut
931 2502 1132 2550 colligere
1154 2502 1250 2539 licet
1273 2513 1325 2539 ex
1347 2501 1634 2539 Instrumento
1656 2500 1798 2538 Paral-

147 2555 276 2594 latico
292 2556 347 2595 ab
363 2556 454 2604 ipso
470 2555 680 2599 consecto,
697 2555 735 2594 8(
752 2558 797 2593 in
813 2555 889 2593 vsu
905 2555 1068 2599 habito,
1086 2556 1204 2603 quod
1221 2555 1329 2592 mihi
1346 2566 1421 2601 per
1438 2552 1693 2644 praedic‘tuim
1706 2553 1798 2643 „IS-tu-

1662 2618 1703 2643 10
1725 2617 1798 2643 um
