2243 3225
378 216 453 253 382
751 209 1203 248 ASTRONOMIAE
1225 205 1646 246 INSTAURATAE

379 318 550 366 QUOD
566 316 783 356 STELLA
798 315 942 354 HAEC
955 314 1304 359 PEREGRINA,
1320 313 1442 351 NEC
1454 312 1634 350 INFRA
1646 311 1883 355 LUNAM,
1898 311 2019 351 NEC

412 380 589 419 INFRA
606 377 1013 416 PLANETARUM
1031 376 1226 420 ORBES,
1244 376 1353 414 SED
1371 375 1434 413 IN
1452 373 1731 413 SUPREMO
1749 373 1986 412 STELLA-

435 441 565 480 RUM
583 438 988 478 FIRMAMENTO
1006 437 1368 481 EFFULSERIT,
1386 436 1464 475 EX
1480 435 1808 482 DISTANTIJS
1824 435 1968 481 EIUS,

466 502 624 549 QUAS
642 500 931 539 EXHIBUIT
943 502 983 537 A
1000 499 1364 546 QUIBUSDAM
1382 498 1542 542 FIXIS,
1560 498 1697 537 CUM
1714 497 1935 545 QUIBUS

530 562 930 602 MERIDIANUM
947 562 1214 600 PROXIME
1230 560 1563 604 TRANSIUIT,
1581 560 1871 599 OBSERUA-
2059 573 2075 598 5

587 625 770 664 TIONE
787 623 1108 667 DILIGENTI,
1125 623 1253 661 TAM
1270 623 1334 661 IN
1351 623 1609 661 MAXIMA
1626 622 1810 669 QUAM

725 686 961 724 MINIMA
978 685 1349 724 ALTITUDINE
1366 684 1676 728 PRAESTITA,

996 747 1402 786 CONUINCERE.

894 816 1245 848 COMPROBATIO
1263 815 1504 848 SECVNDA.

452 899 756 938 PECIALIUS
780 905 910 946 atque
934 897 1127 937 exad'tius
1147 898 1345 946 idipsum,
1368 898 1486 946 quod
1507 898 1640 936 modo
1661 898 1854 946 generali
1874 897 2023 936 induc·
2065 909 2095 935 ιο

471 956 588 991 tione
612 952 907 1001 patefecimus,
932 964 954 990 e
978 954 1102 990 certis
1127 951 1517 991 obseruationibus
1541 951 1821 990 Geometrice
1843 951 2023 989 demon-

381 1007 520 1051 strare,
546 1018 620 1044 eos
643 1008 717 1053 qui
740 1008 785 1043 in
807 1008 991 1054 gratiam
1013 1005 1252 1043 Aristotelis
1276 1005 1314 1043 &
1336 1005 1736 1053 Peripateticorum,
1761 1006 1909 1052 priora
1931 1006 2024 1052 qui·

381 1060 525 1098 busuis
546 1059 694 1098 effifftis
714 1059 984 1107 subterfugijs
1006 1059 1194 1103 eludere,
1216 1058 1325 1097 forte
1345 1058 1623 1106 praesumant,
1644 1058 1716 1096 hic
1731 1063 1877 1096 mutos
1893 1057 1931 1096 &
1946 1057 2025 1096 stu-

381 1114 517 1161 pidos,
534 1125 583 1151 ac
601 1125 689 1160 quo
705 1113 744 1150 se
761 1118 930 1150 vertant
946 1112 1113 1156 inscios,
1135 1112 1294 1157 reddet,
1315 1124 1416 1151 cum
1431 1112 1581 1150 nullus
1596 1111 1668 1150 hic
1684 1112 1809 1150 detur
1825 1111 2026 1150 elabendi

381 1167 514 1210 locus,
539 1167 672 1205 modo
696 1166 1034 1205 Obseruationes
1057 1165 1335 1211 indubitatas,
1360 1177 1461 1214 quae
1484 1165 1556 1204 hic
1577 1171 1792 1213 tanquam
1813 1166 2028 1213 principia
2068 1177 2097 1202 ¹5

381 1221 659 1263 assumuntur,
681 1219 841 1257 friuolo
862 1219 981 1263 ausu,
1003 1231 1095 1257 non
1115 1218 1361 1263 detredtent,
1383 1219 1421 1257 &
1442 1219 1510 1257 his
1530 1220 1706 1257 innixas
1725 1218 2029 1257 Geometricas

382 1273 795 1317 Demonstrationes,
818 1275 895 1310 rite
916 1272 1167 1317 intelleeftas,
1189 1273 1477 1316 concesserint‚
1499 1284 1610 1320 quas
1626 1283 1758 1310 nemo
1774 1271 1897 1310 sensu
1913 1283 2028 1310 com-

381 1329 505 1364 muni
525 1327 745 1374 praedstus,
767 1325 977 1365 ha6tenus
999 1326 1248 1364 conuellere
1267 1329 1513 1370 attentauit;
1535 1326 1647 1364 adeo
1663 1331 1707 1364 vt
1723 1325 1904 1373 quidam
1920 1326 2028 1363 anti-

382 1382 526 1427 quitus
539 1379 957 1428 Philosophantium,
975 1391 1076 1418 cum
1092 1382 1244 1418 omnia
1260 1391 1361 1427 quae
1377 1379 1432 1418 ab
1445 1379 1717 1418 Hominibus
1733 1389 2029 1427 proponeren—

381 1440 449 1471 tur
469 1434 840 1481 traderenturque‚
862 1435 1027 1471 incerta
1043 1434 1119 1471 esse
1136 1434 1436 1477 asseuerarent,
1458 1433 1657 1480 nihilque
1672 1438 1764 1471 tam
1780 1438 1924 1470 ratum
1941 1433 2028 1470 exi·
2066 1443 2099 1468 20

382 1486 496 1529 ltere,
514 1489 620 1534 quin
635 1489 679 1524 in
692 1487 874 1525 dubium
886 1489 1035 1525 vocari
1050 1487 1180 1535 possit,
1197 1489 1556 1534 contrariumque
1573 1486 1714 1530 astrui,
1731 1485 1794 1524 illi
1810 1485 2029 1533 (inquam)

382 1540 490 1578 vafri
514 1542 657 1587 potius
681 1540 903 1588 Sophistae,
928 1552 1063 1588 quam
1086 1540 1350 1588 Philosophi,
1377 1552 1477 1578 cum
1500 1540 1556 1578 ad
1580 1535 1920 1589 Geometri-sscas
1942 1538 2029 1577 De·
2054 1543 2116 1575 413

381 1593 711 1632 monstrationes
721 1600 983 1641 peruentum
991 1594 1058 1637 est,
1066 1594 1124 1632 ibi
1133 1593 1411 1632 constiterunt
1418 1594 1833 1640 obmutueruntque‚
1841 1592 2029 1631 nullam-

382 1658 466 1694 que
483 1647 677 1685 videntes
693 1647 897 1694 superesse
914 1646 1268 1686 contradidtionis
1284 1647 1448 1691 ansam,
1465 1647 1533 1685 his
1549 1646 1648 1685 solis
1665 1648 1995 1694 acquieuerunt.

435 1700 529 1738 Nos
550 1707 697 1738 autem
719 1707 870 1739 contra
891 1712 978 1743 eos,
1001 1703 1076 1748 qui
1093 1701 1434 1740 Obseruationes
1454 1700 1566 1748 ipsas
1584 1707 1798 1748 tanquam
1814 1699 2032 1747 Principia
2068 1710 2101 1735 25

382 1753 452 1790 hic
475 1753 702 1797 adhibitas.
728 1754 765 1792 8(
790 1754 1094 1792 Geometricas
1115 1754 1520 1792 Demonstrationes
1542 1754 1653 1792 nulli
1676 1753 1936 1792 haefitationi
1957 1752 2030 1791 ob-

382 1809 549 1848 noxias.
571 1807 657 1845 fiue
678 1819 755 1855 per
775 1808 998 1850 inscitiam.
1020 1808 1107 1846 siue
1127 1808 1228 1846 data
1244 1819 1391 1855 opera,
1413 1814 1488 1846 aut
1504 1807 1821 1846 maleuolentia
1837 1806 2030 1854 quadam

382 1867 512 1907 atque
529 1860 730 1899 Veritatis
748 1862 862 1903 odio.
885 1873 1172 1909 errorumque
1189 1867 1387 1899 veterum
1408 1873 1572 1905 amore,
1595 1872 1772 1909 carpere
1793 1866 1925 1908 atque
1946 1859 2029 1898 ele-

383 1925 488 1951 uare
511 1916 772 1957 attentarint,
797 1914 907 1952 nihil
930 1915 1216 1953 disserendum
1240 1915 1477 1953 censemus.
1503 1914 1741 1953 Gaudeant
1763 1912 2030 1952 vanitatibus

383 1974 512 2013 atque
534 1968 764 2010 erroribus.
786 1971 859 2015 qui
882 1969 923 2006 id
946 1969 1063 2015 quod
1084 1980 1152 2006 res
1174 1968 1240 2011 est.
1265 1968 1520 2016 cognoscere
1541 1968 1694 2011 nolint.
1717 1967 1755 2005 &
1775 1969 1822 2005 in
1841 1966 2030 2005 tenebris
2068 1976 2100 2002 ³0

384 2022 624 2063 caecutiant.
647 2021 820 2068 illicque
842 2021 915 2059 sibi
937 2022 1149 2069 placeant.
1172 2024 1246 2069 qui
1268 2022 1439 2060 Lumen
1461 2022 1562 2060 Diei
1582 2023 1755 2064 intueri,
1776 2032 1856 2059 nec
1876 2020 2031 2058 volunt

384 2085 462 2110 nec
479 2075 654 2120 possunt.
672 2075 841 2112 Veritas
854 2087 929 2122 per
941 2075 980 2112 se
993 2077 1176 2114 immota
1188 2082 1348 2118 manet,
1365 2075 1453 2113 fiue
1466 2075 1686 2113 Homines
1699 2085 1798 2113 eam
1809 2074 2031 2121 assequan-

384 2133 451 2164 tur
477 2127 818 2175 approbentque.
845 2128 931 2166 siue
958 2140 1060 2169 non.
1087 2129 1353 2176 tandemque
1379 2128 1631 2177 triumphat.
1659 2127 1743 2166 Sed
1768 2139 1887 2166 nunc
1910 2127 1966 2165 ad
1988 2126 2031 2164 id

385 2181 501 2226 quod
518 2181 833 2227 proposuimus.

439 2233 741 2271 Remotionem
763 2235 947 2272 alicuius
964 2235 1252 2273 Phaenomeni
1274 2237 1299 2273 a
1321 2235 1466 2273 Terris
1487 2235 1697 2278 demetiri.
1720 2233 2031 2273 demonstrare·
2068 2243 2100 2269 ³5

386 2299 469 2332 que
487 2298 645 2333 magna
663 2288 820 2335 indiget
838 2288 1082 2330 subtilitate:
1103 2301 1181 2327 nec
1199 2289 1275 2327 nisi
1291 2288 1505 2327 beneficio
1522 2288 1652 2336 ipsius
1668 2288 1829 2331 Terrae.
1846 2289 1892 2325 in
1908 2289 2033 2325 cuius

387 2339 607 2386 superficie
634 2341 865 2382 versamur.
893 2342 934 2379 id
961 2342 1149 2389 praestari
1176 2345 1348 2390 poterit:
1381 2343 1497 2380 Licet
1523 2344 1641 2380 enim
1666 2341 1816 2380 Tellus
1841 2337 2032 2388 respetftu

387 2393 638 2430 Coelestium
666 2394 913 2441 Corporum
941 2398 1096 2443 exigua
1123 2396 1179 2437 fit.
1207 2408 1306 2433 cum
1332 2396 1535 2443 plurimae
1561 2395 1637 2433 fint
1664 2397 1708 2433 in
1735 2394 1864 2433 Coelo
1887 2393 2032 2432 Stellae

387 2446 475 2492 ipsa
488 2447 705 2484 multoties
719 2450 918 2488 maiores,
935 2448 970 2485 &
986 2449 1040 2486 ad
1055 2449 1400 2486 Firmamentum
1413 2456 1666 2496 comparata
1679 2447 1851 2496 prorsus
1863 2445 2032 2485 insenfi-

387 2499 482 2537 bilis
496 2500 740 2547 nulliusque
754 2504 1046 2548 proportionis
1060 2503 1235 2543 euadat:
1253 2510 1401 2540 tamen
1413 2502 1805 2550 quantulacunque
1817 2501 1875 2544 lit.
1888 2505 2033 2548 vtpote
2070 2509 2102 2535 4ο

1933 2563 2033 2601 quae
