2243 3225
424 203 499 240 426
797 191 1250 234 ASTRONOMIAE
1271 188 1694 229 INSTAURATAE

422 321 447 345 a
457 307 599 344 Terris
612 304 836 345 exaltatur,
849 301 951 338 hinc
963 299 1160 342 discedat,
1172 299 1292 346 prius
1302 297 1524 343 cognitum
1535 294 1716 333 reddere
1728 295 2066 342 operaepretium

423 362 510 397 erit.
529 360 708 403 Iamque
725 355 767 393 id
783 357 906 392 iuxta
919 364 1018 391 eam
1034 351 1188 390 nostrae
1200 348 1508 398 Hypotheseos
1519 353 1700 396 partem,
1718 358 1820 395 quae
1831 346 1903 385 hic
1914 347 2066 395 potissi-

420 423 542 450 mum
559 411 802 457 requiritur,
820 406 1115 454 expediemus.
1133 400 1147 454 ΙΙ

473 465 711 503 Statuimus
733 460 971 498 secundum
992 457 1181 496 nostram
1201 458 1247 494 in
1267 454 1620 494 reuolutionibus
1640 453 1892 493 Caelestium
1915 464 2066 502 corpo·
2089 461 2153 494 477

420 529 518 556 rum
533 517 748 554 nouitiam
767 513 1141 554 adinuentionem‚
1158 510 1354 553 Terram,
1375 508 1609 547 amborum
1626 507 1903 545 solummodo
1919 507 2066 546 Lumi-
2103 520 2119 546 ⁵

420 573 594 609 narium
615 574 744 615 atque
766 565 934 605 oeiauae
951 564 1147 612 Sphaerae
1169 568 1368 601 centrum
1388 562 1481 605 esse;
1503 561 1652 599 Solem
1667 572 1773 599 vero
1793 560 2067 608 reliquorum

420 626 613 671 quinque
632 621 929 662 Planetarum;
951 616 1329 665 quemadmodum
1349 614 1480 653 Libro
1500 614 1718 662 sequente,
1740 613 1965 652 occasione
1981 613 2066 653 Co-

419 683 547 714 metae
555 676 675 713 Anni
686 674 791 717 1577,
801 678 844 710 vt
855 672 918 709 illi
927 669 1202 719 Hypothefin
1213 669 1423 716 aliquam,
1435 668 1626 706 Planetis
1638 679 1730 705 non
1740 667 1983 706 admodum
1994 667 2067 706 ab·

420 729 612 771 similem,
634 726 971 768 conformemus,
993 723 1127 762 huius
1147 724 1380 760 neotericae
1401 721 1692 760 ordinationis
1713 720 2067 769 designationem,

420 783 565 821 addita
581 780 841 829 generaliori
856 778 1050 825 quadarn
1067 776 1370 824 explicatione,
1386 774 1680 812 Astronomiae
1696 773 1936 812 cultoribus
1951 784 2067 812 com·
2107 786 2137 812 10

419 837 709 873 municamus.
727 833 858 870 Nunc
874 842 979 869 vero
996 841 1096 868 eam
1110 829 1261 868 saltem
1276 834 1459 877 partem,
1476 839 1577 876 quae
1593 827 1771 866 Saturni
1787 829 1992 866 circuitus
2006 832 2067 866 at·

419 891 551 936 tingit,
564 888 634 925 hic
648 887 722 933 (vti
735 885 840 931 dixi)
854 890 1070 932 quantum
1081 894 1193 931 opus
1204 882 1344 927 fuerit,
1357 881 1665 920 enodabimus:
1679 892 1768 928 quo
1780 883 1874 919 eius
1885 892 1913 919 a
1922 879 2068 919 Terris

419 942 618 988 suprema
635 940 853 986 elongatio
869 940 991 976 iuxta
1009 936 1152 975 nostra
1171 937 1414 980 ratiocinia,
1435 936 1681 983 promptius
1700 933 1900 982 patescat.
1920 934 2068 982 Atque

419 995 520 1032 hinc
533 993 782 1031 Affixorum
794 991 995 1030 Siderum
1007 992 1286 1033 remotiones,
1303 990 1391 1027 vna
1403 1000 1504 1027 cum
1515 988 1652 1026 Noua
1666 987 1762 1033 hac,
1779 989 1905 1026 cuius
1916 987 2067 1031 cauBa,

420 1048 513 1085 haec
531 1048 681 1084 omnia
697 1044 948 1083 extricanda
963 1043 1239 1091 suscepimus,
1256 1041 1413 1081 rectius
1429 1041 1726 1089 disponantur.
2106 1053 2136 1079 ιε

472 1100 739 1147 Intelligatur
761 1101 908 1145 itaque
931 1099 977 1135 in
998 1096 1203 1144 sequente
1226 1095 1487 1144 figuratione
1508 1095 1550 1133 A
1569 1094 1718 1139 Terra,
1740 1094 1956 1133 Centrum
1974 1096 2067 1132 vni-

419 1154 539 1192 uerfi.
552 1153 740 1190 Vltimus
751 1157 899 1190 autem
912 1150 1041 1189 Orbis
1053 1149 1270 1194 Stellatus‚
1286 1149 1425 1187 statim
1438 1148 1567 1196 supra
1579 1148 1756 1187 Saturni
1767 1147 2068 1186 reuolutiones

420 1206 748 1254 repraesentetur
772 1216 848 1253 per
871 1203 1047 1248 STVX,
1073 1214 1206 1251 quem
1232 1202 1270 1240 &
1295 1201 1500 1241 octauam
1520 1201 1752 1250 Sphaeram
1777 1203 2069 1240 communiter

420 1265 692 1307 nuncupant:
715 1270 815 1306 quae
831 1257 1116 1304 vndiquaque
1133 1268 1159 1295 a
1174 1256 1311 1294 Terra
1331 1258 1454 1294 iuxta
1469 1255 1679 1293 Veterum
1700 1254 1739 1293 &
1759 1254 1916 1294 Nostra
1936 1256 2068 1294 etiam

420 1315 659 1355 ratiocinia,
683 1311 911 1359 aequaliter
933 1316 1199 1348 remouetur.
1226 1309 1345 1348 Intra
1366 1308 1482 1347 hanc
1506 1308 1544 1346 &
1565 1308 1762 1353 Terram,
1787 1308 1971 1356 reliquae
1993 1307 2067 1347 Er·
2104 1319 2138 1345 κο

420 1373 564 1404 rantes
585 1365 741 1409 Stellae,
765 1376 876 1412 quas
896 1364 1099 1402 Planetas
1119 1374 1344 1407 vocamus,
1367 1362 1466 1401 suas
1488 1362 1763 1410 multiplices,
1786 1361 2010 1400 indesessas
2030 1360 2069 1400 ἃ

421 1419 700 1458 admirandas
712 1418 1011 1456 reuolutiones
1023 1419 1230 1455 continue
1243 1421 1456 1455 exercent.
1470 1415 1600 1454 Orbis
1611 1421 1761 1454 autem
1770 1415 1883 1454 Solis
1891 1425 2069 1454 annuus

420 1473 465 1510 fit
482 1473 664 1516 BCDE,
682 1474 813 1510 etiam
830 1470 995 1509 Centro
1009 1471 1049 1508 A
1064 1470 1310 1518 descriptus.
1328 1469 1487 1517 Neque
1504 1471 1624 1507 enim
1639 1469 1723 1507 hoc
1739 1469 1837 1507 loco
1854 1468 2068 1507 Eccentri-

422 1529 557 1564 citatis
574 1526 737 1564 Solaris
753 1527 969 1563 rationem
985 1523 1238 1562 habendam
1255 1524 1473 1562 duximus.
1491 1522 1696 1561 Ambitus
1707 1534 1813 1561 vero
1825 1522 2068 1566 Saturnius,

422 1582 495 1626 qui
508 1582 619 1617 circa
631 1579 778 1617 Solem
794 1577 1003 1616 mobilem
1020 1577 1080 1624 (vt
1096 1577 1368 1624 reliquorum
1385 1587 1563 1624 quoque
1580 1578 1776 1624 quinque
1788 1575 2069 1615 Planetarum
2105 1586 2138 1612 25

422 1635 541 1670 iuxta
562 1632 725 1670 nostras
746 1630 1039 1679 Hypotheses)
1061 1630 1324 1674 describitur,
1345 1630 1391 1668 fit
1407 1629 1582 1674 FGHI,
1605 1629 1770 1668 Centro
1790 1629 1825 1668 B
1845 1629 1902 1668 ad
1921 1628 2070 1668 Solem

423 1686 497 1731 (vti
519 1686 622 1731 dixi)
645 1685 899 1733 defignatus.
922 1683 1069 1731 Quem
1085 1684 1140 1722 ob
1156 1683 1396 1722 vastitatem
1416 1695 1638 1731 magnam,
1659 1682 1838 1721 tandem
1857 1681 2069 1721 tricesimo

422 1741 554 1777 Anno
571 1739 784 1777 Saturnus
800 1740 1095 1781 circummeat,
1116 1737 1228 1776 adeo
1245 1743 1288 1775 vt
1305 1737 1520 1776 Centrum
1541 1738 1635 1774 eius
1655 1747 1767 1784 pene
1782 1735 1967 1775 tricefies
1981 1736 2070 1774 vna

423 1804 521 1829 cum
538 1792 637 1830 Sole
659 1791 952 1830 conuoluatur
972 1793 1018 1828 in
1036 1791 1152 1829 Orbe
1174 1802 1326 1829 annuo
1343 1790 1528 1834 BCDE.
1549 1792 1717 1828 interea
1737 1790 1844 1828 dum
1859 1789 1989 1828 Sidus
2008 1790 2069 1837 ip-

422 1845 526 1887 sum,
543 1846 660 1883 hunc
677 1847 892 1883 maiorem
908 1844 946 1882 &
962 1846 1190 1891 proprium
1206 1844 1337 1882 semel
1352 1849 1564 1892 peragrat.
1581 1844 1640 1882 At
1656 1855 1748 1882 non
1763 1842 2009 1891 simpliciter
2023 1843 2070 1880 in
2104 1852 2138 1879 ³0

423 1899 505 1936 hoc
529 1899 644 1937 Orbe
671 1898 952 1936 conuoluitur
977 1897 1109 1936 Stella
1135 1897 1352 1942 Saturnia,
1378 1897 1448 1935 sed
1473 1904 1598 1935 motu
1623 1897 1818 1944 quodam
1842 1895 2070 1944 dupliciter

423 1952 669 1999 composito,
694 1963 825 1999 quern
846 1951 1024 1989 Veteres
1046 1962 1122 1999 per
1145 1951 1446 1989 Eccentricum
1469 1956 1601 1998 atque
1620 1950 1904 1998 AEquantem,
1926 1950 2069 1993 nimis.

423 2017 510 2051 quo
531 2006 585 2043 ad
608 2005 971 2043 Mathematicam
991 2004 1328 2052 regularitatem.
1352 2006 1619 2042 inconcinna
1642 2003 1923 2048 cohaerentia,
1945 2003 2070 2042 tutati

424 2058 532 2095 sunt:
547 2070 626 2095 nos
636 2065 783 2096 autern
795 2070 871 2105 per
881 2058 992 2096 duos
1001 2058 1197 2096 circellos
1207 2059 1349 2096 eidem
1360 2058 1467 2096 Orbi
1479 2058 1721 2105 adaptatos.
1734 2057 2070 2096 conuenientius

424 2112 735 2149 excusabimus.
759 2111 962 2157 Quorum
978 2111 1086 2149 alter
1102 2111 1140 2149 81
1157 2113 1311 2153 maior.
1334 2122 1467 2158 quem
1486 2113 1679 2158 primum
1696 2110 1919 2159 appellare
1939 2109 2069 2153 lubet.
2105 2118 2138 2146 ³⁵

425 2165 464 2201 N
475 2165 624 2206 KLM,
642 2171 789 2202 centro
806 2165 837 2202 F
854 2167 898 2202 in
914 2164 1003 2212 ipsa
1020 2164 1271 2212 Peripheria
1286 2165 1416 2203 Orbis
1432 2166 1626 2212 primarij
1646 2163 1991 2212 circumscriptus
2005 2161 2067 2201 sit:

425 2218 544 2255 Alter
561 2229 664 2255 vero
687 2218 723 2254 &
744 2220 888 2255 minor
909 2220 983 2265 qui
1004 2217 1217 2256 secundus
1238 2219 1403 2256 dicetur
1421 2217 1588 2265 OPQR
1609 2224 1757 2256 centro
1774 2217 1826 2261 K.
1848 2219 1894 2256 in
1913 2217 2069 2265 prioris

425 2271 769 2308 circumferentia
782 2271 1036 2312 delineatus.
1051 2273 1171 2309 iuxta
1183 2274 1307 2309 cuius
1320 2273 1451 2309 etiam
1464 2271 1776 2318 Peripheriam.
1793 2270 1883 2319 ipsa
1894 2269 2070 2309 Saturni

425 2323 567 2364 Stella.
590 2324 797 2361 conuolui
820 2324 1093 2371 intelligatur.
1122 2325 1255 2371 quue
1278 2325 1360 2363 hac
1382 2325 1486 2373 lege.
1508 2331 1551 2362 vt
1572 2325 1678 2363 dum
1697 2330 1895 2363 centrum
1916 2325 2010 2362 eius
2030 2321 2070 2361 K

425 2377 643 2413 circellum
661 2379 850 2422 primum
868 2377 1005 2414 KLM
1015 2377 1054 2414 N
1073 2377 1202 2415 semel
1219 2385 1431 2426 peragrat.
1448 2378 1538 2425 ipsa
1550 2378 1726 2416 Saturni
1738 2378 1872 2417 Stella
1884 2378 2011 2416 binas
2023 2377 2069 2414 in
2104 2385 2137 2412 4⁰

425 2432 607 2466 minimo
625 2430 795 2467 circello
813 2429 1012 2468 conficiat
1030 2431 1341 2473 reuolutiones.
1359 2431 1397 2468 8(
1414 2433 1580 2479 primus
1597 2431 1669 2469 ille
1686 2433 1847 2479 pariter
1862 2441 1963 2470 cum
1979 2428 2069 2478 ipso

426 2483 540 2520 Orbe
559 2484 744 2520 Saturni.
766 2483 942 2520 Moueri
959 2490 1107 2521 autem
1125 2484 1338 2522 Centrum
1354 2487 1534 2522 maioris
1552 2485 1727 2523 Circelli
1743 2487 1789 2523 in
1805 2477 2069 2533 signorum.

1762 2537 2070 2586 consequentia
