2164 3246
396 188 1057 227 PROGYMNASMATUM
1080 190 1285 228 PRIMA
1307 190 1458 229 PARS
1690 191 1758 229 189

103 299 221 346 poris
242 296 426 335 alteram
447 295 486 334 &
506 295 622 333 hanc
643 294 1009 334 obseruationem
1030 298 1336 335 intercedentis
1357 298 1415 335 H.
1434 299 1459 335 1.
1484 296 1509 345 l.
1531 298 1594 341 45,
1617 299 1687 335 cui
1707 297 1760 335 de

103 357 227 389 motu
243 350 402 388 diurno
419 349 615 393 Veneris,
633 351 708 396 qui
725 348 780 386 est
796 349 879 387 P.1.
894 347 919 396 l.
933 350 1009 393 17:¹2,
1027 350 1174 397 quoad
1191 350 1493 398 AEquatorem,
1511 350 1759 398 correspon-

104 405 206 443 dent
219 402 245 452 Ι.
258 404 294 442 5.
308 402 351 451 ll.
364 403 427 447 37,
445 402 604 450 quibus
617 402 773 440 additis
786 402 841 440 ad
853 402 1164 441 Ascenfionem
1177 403 1353 442 Redtam
1366 405 1549 442 Veneris
1564 404 1760 452 superius

21 465 80 498 185
104 457 242 497 aSole
254 459 496 500 inuentam,
508 462 743 504 promanat
754 455 924 494 Ascens.
938 455 1050 495 Red't.
1067 460 1093 499 Q
1113 457 1216 495 huic
1229 454 1242 507 ΙΙ
1255 457 1463 505 Tempori
1476 460 1760 501 conueniens,

55 525 68 551 5

39 792 70 818 10

39 1060 69 1086 15

44 2448 77 2474 40

104 511 147 550 Ρ.
159 511 222 550 65.
237 509 262 559 l.
275 510 338 549 25.
353 508 396 558 ll.
409 510 471 548 57.
490 509 623 556 Quod
638 509 669 547 fi
684 521 803 547 nunc
819 510 963 548 Arcus
979 510 1235 557 AEquatoris
1252 513 1363 549 inter
1374 511 1593 549 Venerem
1611 511 1648 549 &
1665 511 1760 549 Me-

104 563 318 603 ridionale
345 563 491 611 Caput
519 565 554 606 ][
582 562 711 601 fuerit
741 562 946 607 adiedtus‚
977 566 1181 610 prouenit
1206 564 1409 602 Ascenfio
1438 564 1567 603 Redm
1594 565 1760 612 Capitis

104 617 412 656 Meridionalis
432 619 467 660 Π
479 648 487 661 ,
504 617 547 654 P.
561 616 641 655 109.
656 615 681 663 l.
694 617 757 655 54.
773 615 816 664 ll.
829 616 865 654 0.
883 616 1146 655 Differentia
1157 624 1307 655 autem
1319 618 1638 656 Ascenfionalis
1650 620 1761 656 inter

104 670 400 710 Meridionale
423 670 568 718 Caput
590 672 625 713 Π
649 669 687 708 &
708 670 921 708 Lucidam
940 676 986 710 V
1005 670 1060 708 est
1080 677 1187 718 part.
1205 671 1267 709 83.
1288 670 1312 718 s.
1330 672 1392 710 57.
1413 670 1455 718 ll.
1473 671 1535 714 20,
1559 683 1647 719 qua
1667 671 1759 710 sub-

103 723 250 769 traeta,
266 724 528 772 relinquitur
543 723 747 762 Ascenfio
764 723 942 762 Lucidae
961 730 1007 763 V
1026 724 1068 762 P.
1086 724 1148 762 25.
1168 723 1193 771 l.
1210 725 1273 763 56.
1293 723 1336 772 ll.
1354 725 1416 763 40.
1435 724 1549 772 Quae
1566 732 1609 762 vt
1625 726 1760 763 Anno

105 778 199 818 1585
222 778 441 825 completo
465 779 714 821 conueniat,
738 789 818 825 pro
840 778 986 815 Annis
1008 778 1044 816 2.
1070 777 1209 816 Mens.
1234 778 1292 821 33.
1317 778 1593 816 subtrahatur
1616 785 1760 816 motus

104 831 388 871 intermedius
413 830 439 879 l.
463 832 490 869 1.
516 829 559 879 ll.
583 831 647 875 52,
671 830 710 868 ἀ
733 832 812 869 erit
834 831 877 869 P.
902 831 965 869 25.
992 830 1016 879 l.
1041 832 1104 870 54.
1130 830 1173 879 ll.
1198 831 1260 870 48.
1286 831 1489 870 Eiusdem
1513 838 1558 871 V
1582 832 1759 870 Lucidae

104 886 239 925 Anno
255 885 350 924 1587
367 897 421 923 ex
436 886 478 924 17
494 885 580 923 Die
596 884 777 933 Augusti
797 884 926 932 supra
944 887 1128 923 inuenta
1145 885 1200 923 est
1215 885 1418 923 Ascenfio
1436 884 1565 924 Reda
1582 886 1637 923 ad
1655 897 1758 923 eun-

104 940 205 979 dem
219 940 405 977 Annum
421 938 515 978 1585
532 938 801 986 completum
817 937 1007 983 redueta,
1024 939 1067 976 P.
1080 939 1143 977 26.
1163 938 1175 987 Ι
1181 970 1188 977 .
1201 940 1237 977 5.
1257 938 1299 987 ll.
1312 939 1376 983 40,
1393 946 1436 977 vt
1452 939 1498 977 fit
1515 938 1761 977 differentia

104 992 323 1041 Vtriusque
341 991 366 1040 Ι.
384 992 438 1031 10.
457 991 500 1040 ll.
512 992 576 1036 52,
594 1003 730 1040 quam
746 990 1074 1031 Refracftionum
1090 998 1221 1040 atque
1238 993 1537 1031 Parallaxium
1554 991 1759 1041 neglec‘tae

104 1046 423 1095 implicationes
435 1045 694 1084 efficiebant.
707 1045 805 1084 Fuit
815 1052 964 1084 autem
973 1045 1045 1084 hic
1054 1046 1298 1085 maiuscula
1307 1046 1565 1091 differentia,
1579 1058 1631 1084 eo
1642 1047 1759 1094 quod

104 1100 179 1140 Sol
193 1105 378 1148 vtroque
394 1099 612 1148 Tempore
631 1099 875 1138 admodum
895 1100 1076 1138 decliuis
1094 1099 1415 1138 Refradlionem
1436 1100 1675 1138 senfibssem
1697 1102 1759 1138 in·

104 1154 274 1203 gesserit.
292 1153 411 1200 Quia
421 1165 527 1191 vero
538 1153 768 1200 vtrobique
783 1154 940 1192 eadem
955 1153 1129 1201 prorsus
1141 1154 1430 1192 assumebatur
1443 1156 1536 1192 eius
1548 1153 1759 1197 Altitudo,

105 1207 289 1256 aequalis
305 1205 520 1246 Refradtio
541 1218 618 1255 per
638 1207 951 1245 intermedium
970 1207 1119 1246 locum
1136 1209 1288 1246 omnia
1303 1207 1470 1245 limitat.
1494 1207 1596 1245 Erat
1612 1213 1760 1245 autem

105 1261 335 1300 dimidium
355 1260 575 1309 Vtriusque
598 1263 870 1299 inuentionis
893 1263 998 1299 min.
1020 1262 1057 1300 5.
1084 1260 1126 1309 ll.
1148 1261 1211 1305 26,
1236 1261 1354 1309 quod
1378 1259 1576 1299 iundtum
1598 1263 1760 1299 minori

104 1313 355 1353 Ascenfioni
374 1315 582 1362 relinquit
597 1314 908 1353 Ascenfionem
929 1313 1107 1353 Redtam
1127 1315 1305 1353 Lucidae
1326 1321 1373 1354 V
1395 1320 1502 1362 part.
1520 1315 1582 1353 26.
1600 1316 1705 1352 min.
1722 1314 1758 1352 Ο.

107 1366 150 1417 ll.
166 1369 208 1407 14
223 1367 495 1407 verificatam
511 1368 567 1407 ad
582 1367 777 1416 Tempus
794 1369 1036 1413 assumtum,
1054 1369 1173 1417 quod
1190 1368 1481 1417 quaerebatur.

163 1511 241 1550 EX
262 1511 607 1550 EARUNDEM
629 1510 868 1549 DIERUM
889 1449 1040 1558 XLIJS
1062 1511 1621 1551 OBSERUATIONIBUS
1643 1511 1706 1548 IN

228 1573 600 1612 ALTITUDINE
621 1573 782 1612 SOLIS
803 1574 839 1612 5.
861 1574 1023 1612 PART.
1046 1575 1201 1613 IDEM
1224 1573 1638 1614 INUESTIGARE.

188 1636 321 1675 NNO
343 1636 450 1681 1587,
475 1636 560 1674 Die
581 1637 622 1675 17
639 1636 832 1684 Augusti,
857 1637 968 1675 Hor.
986 1638 1022 1676 5.
1045 1637 1108 1675 M.
1126 1637 1188 1675 30.
1211 1638 1264 1675 A.
1283 1637 1346 1675 M.
1369 1637 1546 1675 distabat
1562 1636 1713 1674 Venus
1734 1647 1760 1673 a

222 1689 323 1729 Sole
343 1690 386 1728 P.
403 1689 466 1729 28.
486 1688 511 1738 l.
529 1690 582 1728 13.
609 1690 859 1728 Declinatio
882 1694 907 1733 Q
930 1691 1160 1730 obseruata
1180 1691 1222 1729 P.
1241 1692 1294 1730 19.
1318 1690 1342 1738 l.
1365 1691 1415 1729 26
1437 1691 1534 1728 Bor.
1562 1689 1759 1727 Altitudo

107 1743 179 1784 281
198 1749 306 1792 part.
328 1743 530 1782 Eleuatio
551 1743 664 1782 Solis
685 1744 708 1782 5
730 1750 837 1791 part.
863 1744 1005 1783 Locus
1029 1747 1123 1783 eius
1145 1751 1249 1783 tunc
1270 1745 1500 1792 Temporis
1524 1750 1615 1782 erat
1638 1745 1759 1781 iuxta

107 1799 330 1846 propriam
353 1797 665 1836 restitutionem
685 1799 731 1835 in
751 1804 858 1845 part.
875 1798 912 1836 3.
936 1796 961 1845 l.
979 1798 1014 1836 2.
1039 1797 1082 1846 ll.
1099 1799 1141 1837 51
1163 1804 1224 1846 np.

108 1850 308 1889 Ascenfio
320 1849 451 1889 Recta
463 1857 571 1899 part.
584 1852 664 1889 155.
677 1853 782 1889 min.
796 1851 832 1889 0.
847 1850 858 1899 l
865 1850 889 1899 l.
904 1852 957 1890 15.
975 1852 1226 1890 Declinatio
1491 1825 1535 1870 A

108 1909 214 1952 part.
230 1904 285 1943 10.
301 1906 407 1943 min.
423 1904 487 1943 25.
506 1903 549 1952 ll.
567 1905 609 1943 17
626 1905 724 1943 Bor.

160 1957 221 1997 Sit
231 1959 273 1996 A
284 1958 416 1996 Polus
427 1958 694 2006 AEquatoris.
708 1958 742 1996 B
752 1958 916 1996 Venus.
931 1958 967 1997 C
984 1960 1042 2003 Θ.
1057 1958 1225 2005 Quoni-

109 2022 181 2050 am
195 2011 461 2060 Triangulus
479 2011 598 2050 BAC
618 2011 749 2050 habet
766 2018 871 2050 nota
887 2014 1040 2050 omnia
1056 2013 1226 2057 Latera,

109 2064 186 2103 BA
197 2065 375 2113 part.70.
390 2063 415 2113 Ι.
427 2065 491 2109 34,
505 2065 895 2113 Complementum
906 2065 1227 2104 Declinationis

109 2117 302 2157 Veneris.
316 2118 397 2157 CA
408 2125 516 2166 part.
529 2119 592 2158 79.
608 2118 633 2166 l.
645 2119 696 2157 34
704 2120 731 2161 Ξ.
741 2119 1132 2166 Complementum
1140 2119 1226 2157 De-

110 2171 355 2211 clinationis
376 2171 501 2210 Solis.
523 2172 604 2211 BC
624 2179 732 2220 part.
749 2172 812 2211 28.
830 2175 935 2210 min.
953 2173 1007 2216 13,
1029 2172 1227 2211 distantia

109 2225 338 2274 Vtriusque.
352 2226 464 2274 Ergo
476 2226 604 2264 datur
615 2226 819 2274 Angulus
832 2226 963 2270 BAC,
978 2226 1020 2264 P.
1029 2226 1091 2265 27.
1105 2225 1129 2273 l.
1140 2227 1226 2270 431,

110 2277 546 2318 DifferentiaAscens.
557 2282 668 2318 inter
679 2279 827 2318 Solem
837 2279 875 2317 &
883 2280 1114 2324 Venerem,
1127 2292 1226 2327 quae

110 2331 215 2370 dum
233 2331 498 2371 subtrahitur
514 2333 568 2372 ab
585 2333 847 2371 Ascenfione
864 2332 994 2371 Redta
1017 2335 1076 2378 O,
1098 2334 1226 2371 relin-
1279 2304 1312 2344 C

111 2387 256 2432 quitur
271 2386 473 2425 Ascenfio
491 2385 621 2425 Recta
640 2390 682 2431 Q,
700 2387 742 2424 P.
761 2387 840 2425 127.
861 2386 885 2434 s.
904 2387 957 2425 16.
977 2386 1020 2434 ss.
1037 2388 1100 2425 45.
1713 2372 1743 2411 B

163 2438 329 2478 Eodem
345 2439 430 2478 Die
442 2441 495 2478 A.
509 2440 572 2478 M.
587 2441 697 2478 Hor.
711 2440 747 2478 3.
762 2440 824 2478 M.
838 2441 901 2484 42,
920 2440 1119 2478 Remotio
1137 2447 1227 2478 erat
1711 2455 1739 2492 E

111 2490 292 2530 Veneris
308 2505 334 2531 a
350 2493 559 2541 superiori
577 2494 732 2541 Capite
754 2497 787 2537 Π
808 2500 914 2542 part.
933 2494 994 2531 22.
1015 2493 1039 2540 l.
1057 2494 1120 2531 20.
1141 2493 1227 2531 De-
1256 2476 1289 2515 D

1583 2545 1759 2582 clinatio
