2164 3246
39 830 69 857 to

40 1097 70 1124 ιε

18 1145 78 1178 301

344 227 1003 268 PROGYMNASMATUM
1026 231 1338 270 SECUNDA
1361 233 1511 271 PARS
1679 235 1755 272 309

104 336 287 428 mordurg
302 334 550 373 scintillanti
565 334 746 372 luminis
757 336 1014 381 vibratione,
1031 338 1129 385 plus
1145 338 1246 382 fere,
1264 351 1399 387 quam
1416 342 1460 378 in
1473 342 1638 378 caeteris
1651 340 1754 379 Stel-

104 390 156 429 lis
187 401 241 438 pe
284 394 394 427 atur.

158 441 421 490 Magnitudo
433 446 582 479 autem
591 442 685 479 eius
695 453 926 489 apparens,
940 443 994 481 ab
1005 446 1129 483 initio
1140 457 1294 484 omnes
1304 446 1432 484 Fixas
1443 447 1609 490 Stellas,
1623 449 1755 485 etiam

104 497 236 536 Primi
252 495 448 539 honoris,
465 494 666 542 adeoque
683 495 820 543 ipsam
837 495 1101 536 Caniculam
1114 498 1152 536 8(
1164 499 1325 547 Lyram
1342 501 1587 538 excedebat.
1606 501 1699 538 Imo
1717 501 1754 538 &

105 551 222 590 Iouis
238 548 419 588 Stellam
433 553 537 586 tunc
552 547 784 596 Temporis
800 550 1140 599 Acronychiam‚
1158 552 1196 589 &
1212 552 1368 597 Terris,
1391 555 1559 591 ratione
1577 566 1754 601 quoque

104 604 284 652 Perigaei
306 602 543 640 Eccentrici
570 601 705 648 (lubet
729 604 848 640 enim
870 603 941 641 hic
965 616 1066 642 cum
1088 612 1260 653 recepta
1283 608 1328 644 in
1352 606 1520 645 Scholis
1546 609 1754 654 opinione

104 656 242 705 loqui)
259 657 703 704 appropinquantem,
720 656 835 694 vnde
849 662 1032 705 vtraque
1050 659 1101 697 de
1119 659 1259 703 causa,
1276 659 1399 697 solito
1415 663 1557 698 maior
1573 672 1753 708 appare-

103 711 187 755 bat,
196 709 273 748 sua
281 708 434 747 visibili
444 710 686 756 quantitate
696 709 1024 757 aliquantulum
1034 711 1278 759 superabat:
1289 715 1349 751 ita
1358 713 1591 751 vtVeneris
1601 713 1753 755 facem.

104 775 204 802 cum
214 762 382 801 Telluri
391 764 578 800 vicinior
590 762 805 810 ampliore
817 763 941 801 vultu
958 765 1153 809 collucet,
1172 769 1508 813 quamproxime
1525 767 1753 804 aemulare-

103 822 184 856 tur.
205 816 303 855 Fuit
323 817 456 854 etiam
475 815 615 854 statim
634 815 690 854 ab
710 818 835 854 initio
855 820 1052 856 maximo
1070 819 1267 866 Corpore
1288 819 1539 867 spediabilis,
1562 820 1680 867 quafi
1702 821 1753 858 de

104 875 281 919 repente
291 871 338 908 in
348 874 518 908 tantam
528 869 695 907 molem
706 869 993 915 conformata,
1011 878 1142 919 atque
1154 873 1415 920 aliquandiu
1426 885 1502 920 per
1514 879 1653 911 totum
1665 873 1753 911 fere

104 923 407 963 Nouembrem
418 923 534 962 hanc
545 922 881 970 amplitudinem
894 924 1157 972 luminisque
1168 926 1453 969 Maiestatem,
1467 926 1586 974 quali
1599 927 1754 964 eodem

104 983 254 1016 tenore
274 976 577 1020 conseruabat;
599 976 711 1014 adeo
727 982 772 1014 vt
791 983 885 1015 tum
905 979 931 1015 a
952 979 1301 1026 quamplurimis,
1324 982 1398 1027 qui
1415 980 1528 1018 visus
1550 983 1753 1018 acumine

104 1030 339 1080 pollebant,
355 1030 557 1074 interdiu,
575 1031 707 1068 etiam
720 1032 766 1068 in
778 1030 868 1078 ipso
880 1031 1081 1075 Meridie,
1094 1033 1210 1070 Aere
1223 1033 1425 1071 existente
1437 1045 1560 1080 puro,
1578 1033 1753 1071 discrete

105 1085 339 1124 videretur:
365 1084 485 1131 quod
508 1083 641 1121 nullis
663 1083 762 1132 alijs
785 1083 940 1129 stellis,
965 1092 1144 1133 excepta
1167 1086 1257 1124 sola
1280 1086 1463 1130 Venere,
1488 1087 1754 1129 conceditur:

105 1138 199 1177 Imo
211 1137 249 1176 &
260 1135 407 1176 Noc'tu
421 1133 762 1187 saepenu-ssmero
773 1149 850 1185 per
862 1138 1015 1177 Nubes
1031 1151 1122 1177 non
1139 1140 1380 1178 admodum
1397 1140 1549 1178 densas
1565 1140 1755 1188 transpa-

104 1191 237 1236 rebat,
254 1192 422 1230 caeteris
436 1190 672 1229 latentibus
688 1190 834 1229 Astris.

157 1245 315 1293 Neque
324 1249 474 1283 tamen
482 1243 598 1282 hanc
607 1245 922 1292 magnitudinis
933 1248 1232 1289 eminentiam,
1245 1258 1321 1294 per
1331 1252 1467 1285 totam
1477 1247 1755 1285 durationem

105 1297 328 1343 retinebat,
352 1297 423 1336 sed
447 1297 663 1346 paulatim
689 1297 908 1342 deficiens,
935 1300 1291 1343 imminuebatur,
1318 1300 1457 1338 donec
1483 1300 1655 1348 prorsus
1679 1302 1754 1338 esse

106 1351 236 1401 defijt,
251 1352 384 1400 idque
398 1351 594 1399 sequenti
610 1353 907 1399 proportionis
923 1352 1188 1391 successione.

152 1405 208 1452 Jn
223 1405 469 1444 Nouembri
487 1405 563 1453 (vti
580 1405 686 1452 dixi)
703 1405 888 1443 Veneris
905 1405 1084 1444 Stellam
1106 1409 1346 1454 quantitate
1363 1407 1515 1444 visibili
1537 1407 1753 1454 aequabat.

104 1459 184 1498 Per
206 1458 499 1498 Decembrem
521 1458 640 1497 Iouis
664 1458 792 1497 Sidus
818 1458 953 1497 ferme
979 1460 1283 1498 aemulabatur.
1310 1460 1517 1498 Ianuario
1539 1460 1755 1508 sequentis

104 1513 225 1551 Anni
249 1512 356 1551 Ioue
380 1512 516 1560 paulo
541 1514 700 1556 minor,
727 1512 952 1560 Stellisque
977 1512 1308 1561 fulgentioribus
1332 1514 1464 1551 Primi
1490 1515 1654 1552 ordinis
1680 1514 1754 1552 ali-

105 1571 270 1615 quanto
286 1567 429 1605 maior
444 1565 573 1604 fulfit:
591 1566 751 1613 quibus
767 1568 813 1604 in
829 1566 1068 1605 Februario
1085 1566 1123 1604 8(
1140 1567 1304 1605 Martio
1322 1567 1506 1614 aequalis
1523 1570 1669 1605 extitit.
1687 1567 1755 1605 Sic

105 1619 247 1668 Aprili
263 1619 302 1658 &
317 1619 445 1658 Maio
461 1619 616 1658 Stellas
633 1619 848 1658 Secundae
865 1620 1179 1668 magnitudinis
1198 1620 1421 1663 referebat,
1444 1620 1755 1668 successiueque

105 1675 165 1712 ita
183 1672 481 1718 decrescendo,
502 1684 580 1721 per
600 1673 792 1717 Iunium,
814 1675 859 1711 in
880 1673 992 1711 Iulio
1009 1673 1047 1711 &
1064 1673 1256 1721 Augusto
1274 1674 1390 1711 Fixis
1406 1673 1564 1719 Tertiae
1586 1676 1755 1721 quanti-

105 1728 203 1766 tatis
221 1738 302 1775 par
321 1726 417 1765 fuit:
439 1726 552 1765 adeo
572 1731 617 1764 vt
636 1732 740 1765 tune
760 1727 1003 1765 maioribus
1021 1729 1067 1765 in
1084 1727 1309 1774 Cassiopea
1326 1727 1479 1769 Stellis,
1502 1739 1601 1774 quae
1624 1730 1756 1765 etiam

105 1781 213 1829 tertij
238 1779 369 1819 status
392 1779 632 1824 censentur,
656 1792 792 1828 quam
815 1780 1017 1818 fimilima
1039 1780 1165 1823 foret;
1191 1781 1336 1828 postea
1358 1792 1434 1828 per
1457 1780 1755 1828 Septembrem

107 1835 244 1882 magis
267 1833 490 1882 magisque
515 1839 752 1872 extenuata
777 1832 955 1872 OCtobri
981 1833 1018 1871 &
1045 1834 1290 1872 Nouembri
1317 1833 1507 1880 Quartas
1532 1836 1577 1871 in
1603 1835 1754 1872 ordine

108 1886 261 1926 Stellas
285 1887 638 1936 repraesentabat:
664 1887 878 1935 Tuncque
904 1887 1139 1935 praesertim
1161 1888 1313 1925 Mense
1339 1888 1597 1931 Nouembri,
1624 1888 1754 1925 vnde-

107 1942 232 1979 cimae
251 1940 315 1979 illi
331 1940 570 1989 Cassiopeae
588 1940 747 1985 Stellae,
769 1943 839 1979 cui
859 1943 1062 1988 proxima
1083 1948 1186 1985 erat,
1208 1953 1299 1979 non
1320 1940 1461 1988 dispar
1482 1941 1755 1982 cernebatur:

107 1995 319 2033 itavtvna
333 1994 388 2033 ab
404 1994 543 2033 altera
557 1994 854 2032 insensibiliter
871 1994 1198 2032 discerneretur:
1217 1995 1351 2032 Porro
1368 1996 1413 2032 in
1430 1994 1516 2031 fine
1530 1996 1623 2031 eius
1635 1995 1756 2031 Anni

108 2046 368 2086 &Ianuario
384 2047 615 2096 sequentis,
633 2047 788 2086 Stellas
806 2047 984 2094 Quintae
1002 2047 1156 2085 formae
1173 2050 1245 2085 vix
1263 2047 1508 2085 excedebat.
1532 2047 1580 2084 In
1598 2047 1756 2085 Febru-

107 2102 201 2140 ario
225 2100 378 2140 Sextas
403 2101 442 2139 8(
466 2103 675 2139 minimas
705 2101 899 2149 quasque
929 2101 1231 2144 adumbrabat,
1262 2101 1401 2139 donec
1426 2101 1578 2138 vltimo
1605 2100 1756 2138 Mense

108 2153 272 2193 Mattio
287 2155 400 2193 adeo
417 2155 541 2193 exilis
557 2155 725 2193 reddita
741 2154 799 2199 fit,
816 2160 859 2192 vt
876 2154 1063 2202 conspici
1079 2155 1258 2192 vlterius
1274 2154 1447 2202 prorsus
1464 2154 1684 2192 desineret.

160 2207 552 2255 Quemadmodum
574 2220 679 2247 vero
703 2210 870 2246 interea
893 2209 999 2246 dum
1023 2208 1208 2252 extabat,
1235 2210 1522 2255 quantitatem
1547 2207 1756 2254 Corporis

106 2260 315 2300 vifibilem
330 2262 545 2307 alterauit‚
561 2261 776 2310 paulatim
793 2261 907 2300 hanc
924 2262 1246 2299 imminuendo:
1264 2261 1317 2299 fic
1335 2263 1465 2299 etiam
1478 2261 1606 2299 Lucis
1623 2260 1756 2297 infitae

107 2314 312 2360 colorem,
332 2327 424 2354 non
445 2316 637 2354 eundem
657 2316 818 2362 vbique
839 2314 1048 2357 exhibuit,
1072 2315 1142 2353 sed
1163 2315 1217 2353 ab
1238 2317 1375 2357 initio,
1397 2315 1575 2361 quando
1597 2314 1756 2351 Veneri

108 2366 147 2406 &
164 2367 260 2407 Ioui
279 2369 582 2417 magnitudine
602 2381 682 2417 par
703 2368 930 2411 visebatur,
953 2368 1170 2411 albicanti,
1193 2368 1324 2409 claro.
1346 2368 1672 2415 splendentique
1695 2367 1756 2404 lu-

22 2425 86 2458 302
107 2423 238 2466 mine,
261 2427 472 2470 gratoque
493 2422 531 2460 &
552 2419 567 2472 ΙΙ
588 2422 783 2460 iucundo
804 2422 928 2460 vultu
951 2421 1100 2470 ijsdem
1124 2421 1330 2459 beneficis
1351 2422 1540 2459 Planetis
1564 2423 1755 2467 aequipa-

108 2475 258 2520 tanda,
270 2475 589 2514 assimilabatur.
603 2475 752 2514 Postea
763 2475 847 2513 hoc
860 2477 1002 2513 nitens
1015 2475 1144 2513 Iubar
1157 2477 1202 2513 in
1214 2474 1519 2513 flauescentem
1533 2474 1755 2521 quandam

108 2525 339 2567 tineturam
354 2529 642 2577 permutabat,
664 2531 723 2567 ita
739 2535 782 2566 vt
799 2531 911 2567 circa
927 2531 1101 2566 initium
1118 2529 1252 2566 Verni
1268 2528 1497 2575 Temporis
1514 2529 1632 2565 Anni
1651 2526 1754 2585 1578,

1711 2590 1754 2615 in
