<?xml version="1.0" encoding="UTF-8"?>
<!DOCTYPE html PUBLIC "-//W3C//DTD XHTML 1.0 Transitional//EN"
    "http://www.w3.org/TR/xhtml1/DTD/xhtml1-transitional.dtd">
<html xmlns="http://www.w3.org/1999/xhtml" xml:lang="en" lang="en">
 <head>
  <title>
</title>
<meta http-equiv="Content-Type" content="text/html;charset=utf-8" />
  <meta name='ocr-system' content='tesseract 3.04.00' />
  <meta name='ocr-capabilities' content='ocr_page ocr_carea ocr_par ocr_line ocrx_word'/>
</head>
<body>
  <div class='ocr_page' id='page_1' title='image "./operaomniaedidit02brahuoft/operaomniaedidit02brahuoft_0388.png"; bbox 0 0 2243 3225; ppageno 0'>
   <div class='ocr_carea' id='block_1_1' title="bbox 820 303 2136 375">
    <p class='ocr_par' dir='ltr' id='par_1_1' title="bbox 820 303 2136 375">
     <span class='ocr_line' id='line_1_1' title="bbox 820 303 2136 375; baseline -0.006 0"><span class='ocrx_word' id='word_1_1' title='bbox 820 306 1156 375; x_wconf 89' lang='lat' dir='ltr'>CAPVT</span> <span class='ocrx_word' id='word_1_2' title='bbox 1196 303 1634 372; x_wconf 91' lang='lat' dir='ltr'><strong>SEXTVM.</strong></span> <span class='ocrx_word' id='word_1_3' title='bbox 2071 334 2136 367; x_wconf 82' lang='lat'><strong>396</strong></span> 
     </span>
    </p>
   </div>
   <div class='ocr_carea' id='block_1_2' title="bbox 454 395 2102 630">
    <p class='ocr_par' dir='ltr' id='par_1_2' title="bbox 454 395 2102 630">
     <span class='ocr_line' id='line_1_2' title="bbox 454 395 2000 452; baseline -0.005 -5"><span class='ocrx_word' id='word_1_4' title='bbox 454 405 544 448; x_wconf 89' lang='lat' dir='ltr'><strong>DE</strong></span> <span class='ocrx_word' id='word_1_5' title='bbox 566 401 842 447; x_wconf 87' lang='lat' dir='ltr'><strong>STELLAE</strong></span> <span class='ocrx_word' id='word_1_6' title='bbox 863 399 1087 445; x_wconf 90' lang='lat' dir='ltr'><strong>HUIUS</strong></span> <span class='ocrx_word' id='word_1_7' title='bbox 1109 398 1280 449; x_wconf 91' lang='lat' dir='ltr'><strong>SITU,</strong></span> <span class='ocrx_word' id='word_1_8' title='bbox 1304 396 1559 452; x_wconf 93' lang='lat' dir='ltr'>QUOAD</span> <span class='ocrx_word' id='word_1_9' title='bbox 1582 396 1832 441; x_wconf 94' lang='lat' dir='ltr'><strong>MUNDI</strong></span> <span class='ocrx_word' id='word_1_10' title='bbox 1853 395 2000 440; x_wconf 95' lang='lat' dir='ltr'>VNI-</span> 
     </span>
     <span class='ocr_line' id='line_1_3' title="bbox 589 464 1864 511; baseline -0.005 -3"><span class='ocrx_word' id='word_1_11' title='bbox 589 469 755 509; x_wconf 87' lang='lat' dir='ltr'><strong>UERSI</strong></span> <span class='ocrx_word' id='word_1_12' title='bbox 777 467 1162 511; x_wconf 88' lang='lat' dir='ltr'><strong>DIAMETRUM‚</strong></span> <span class='ocrx_word' id='word_1_13' title='bbox 1184 466 1271 504; x_wconf 87' lang='lat' dir='ltr'><strong>AN</strong></span> <span class='ocrx_word' id='word_1_14' title='bbox 1293 466 1371 503; x_wconf 92' lang='lat' dir='ltr'><strong>EA</strong></span> <span class='ocrx_word' id='word_1_15' title='bbox 1392 465 1455 503; x_wconf 93' lang='lat' dir='ltr'><strong>IN</strong></span> <span class='ocrx_word' id='word_1_16' title='bbox 1477 464 1864 502; x_wconf 91' lang='lat' dir='ltr'>ELEMENTARI</span> 
     </span>
     <span class='ocr_line' id='line_1_4' title="bbox 672 526 1780 574; baseline -0.005 -5"><span class='ocrx_word' id='word_1_17' title='bbox 672 530 950 574; x_wconf 90' lang='lat' dir='ltr'>REGIONE,</span> <span class='ocrx_word' id='word_1_18' title='bbox 971 529 1058 567; x_wconf 92' lang='lat' dir='ltr'><strong>AN</strong></span> <span class='ocrx_word' id='word_1_19' title='bbox 1079 528 1235 566; x_wconf 91' lang='lat' dir='ltr'>VERO</span> <span class='ocrx_word' id='word_1_20' title='bbox 1256 527 1570 571; x_wconf 90' lang='lat' dir='ltr'>AETHEREA,</span> <span class='ocrx_word' id='word_1_21' title='bbox 1592 526 1630 564; x_wconf 88' lang='lat'>&amp;</span> <span class='ocrx_word' id='word_1_22' title='bbox 1651 526 1780 573; x_wconf 89' lang='lat' dir='ltr'><strong>QUA</strong></span> 
     </span>
     <span class='ocr_line' id='line_1_5' title="bbox 844 588 2102 630; baseline -0.002 0"><span class='ocrx_word' id='word_1_23' title='bbox 844 591 975 630; x_wconf 91' lang='lat' dir='ltr'><strong>EIUS</strong></span> <span class='ocrx_word' id='word_1_24' title='bbox 996 590 1183 629; x_wconf 88' lang='lat' dir='ltr'>PARTE</span> <span class='ocrx_word' id='word_1_25' title='bbox 1204 588 1606 628; x_wconf 86' lang='lat' dir='ltr'><strong>CONSTITERIT.</strong></span> <span class='ocrx_word' id='word_1_26' title='bbox 2087 603 2102 628; x_wconf 83' lang='lat'>⁵</span> 
     </span>
    </p>
   </div>
   <div class='ocr_carea' id='block_1_3' title="bbox 430 668 2122 946">
    <p class='ocr_par' dir='ltr' id='par_1_3' title="bbox 430 668 2049 726">
     <span class='ocr_line' id='line_1_6' title="bbox 430 668 2049 723; baseline -0.002 -8"><span class='ocrx_word' id='word_1_27' title='bbox 430 686 437 693; x_wconf 89' lang='lat'><strong>·</strong></span> <span class='ocrx_word' id='word_1_28' title='bbox 563 668 601 707; x_wconf 46' lang='grc' dir='ltr'><strong>’ὲ</strong></span> <span class='ocrx_word' id='word_1_29' title='bbox 758 676 933 715; x_wconf 91' lang='lat' dir='ltr'><strong>OCVM</strong></span> <span class='ocrx_word' id='word_1_30' title='bbox 953 675 1093 723; x_wconf 90' lang='lat' dir='ltr'><strong>ipsum</strong></span> <span class='ocrx_word' id='word_1_31' title='bbox 1114 675 1237 712; x_wconf 91' lang='lat' dir='ltr'><strong>Noui</strong></span> <span class='ocrx_word' id='word_1_32' title='bbox 1256 673 1391 712; x_wconf 92' lang='lat' dir='ltr'><strong>huius</strong></span> <span class='ocrx_word' id='word_1_33' title='bbox 1413 673 1593 717; x_wconf 88' lang='lat' dir='ltr'><strong>Iubaris,</strong></span> <span class='ocrx_word' id='word_1_34' title='bbox 1617 672 1809 721; x_wconf 68' lang='lat' dir='ltr'><strong>respedtu</strong></span> <span class='ocrx_word' id='word_1_35' title='bbox 1830 673 2049 721; x_wconf 87' lang='lat' dir='ltr'><strong>Eclipticae</strong></span> 
     </span>
    </p>

    <p class='ocr_par' dir='ltr' id='par_1_4' title="bbox 516 724 2050 777">
     <span class='ocr_line' id='line_1_7' title="bbox 516 724 2050 777; baseline -0.002 -9"><span class='ocrx_word' id='word_1_36' title='bbox 516 728 522 735; x_wconf 84' lang='grc'><em>“</em></span> <span class='ocrx_word' id='word_1_37' title='bbox 550 733 557 740; x_wconf 86' lang='grc'><em>“</em></span> <span class='ocrx_word' id='word_1_38' title='bbox 578 771 580 773; x_wconf 53' lang='grc'><strong>,</strong></span> <span class='ocrx_word' id='word_1_39' title='bbox 610 756 623 773; x_wconf 67' lang='grc'><strong>,-</strong></span> <span class='ocrx_word' id='word_1_40' title='bbox 652 756 666 769; x_wconf 66' lang='grc'>.</span> <span class='ocrx_word' id='word_1_41' title='bbox 689 748 691 750; x_wconf 88' lang='grc'><em>·</em></span> <span class='ocrx_word' id='word_1_42' title='bbox 757 736 886 777; x_wconf 93' lang='lat' dir='ltr'><strong>atque</strong></span> <span class='ocrx_word' id='word_1_43' title='bbox 897 729 1163 776; x_wconf 86' lang='lat' dir='ltr'><strong>AEquatoris,</strong></span> <span class='ocrx_word' id='word_1_44' title='bbox 1176 728 1288 766; x_wconf 90' lang='lat' dir='ltr'><strong>adeo</strong></span> <span class='ocrx_word' id='word_1_45' title='bbox 1301 724 1449 765; x_wconf 66' lang='lat' dir='ltr'><strong>exaete</strong></span> <span class='ocrx_word' id='word_1_46' title='bbox 1461 725 2050 774; x_wconf 69' lang='lat' dir='ltr'><strong>praedefinire,vtnesemissis</strong></span> 
     </span>
    </p>

    <p class='ocr_par' dir='ltr' id='par_1_5' title="bbox 452 776 2049 832">
     <span class='ocr_line' id='line_1_8' title="bbox 452 776 2049 832; baseline -0.002 -12"><span class='ocrx_word' id='word_1_47' title='bbox 452 812 455 820; x_wconf 73' lang='grc'>,</span> <span class='ocrx_word' id='word_1_48' title='bbox 504 776 521 832; x_wconf 63' lang='lat'><strong>&lt;¹</strong></span> <span class='ocrx_word' id='word_1_49' title='bbox 552 781 575 825; x_wconf 55' lang='grc' dir='ltr'><em>ζ</em></span> <span class='ocrx_word' id='word_1_50' title='bbox 609 776 626 809; x_wconf 69' lang='lat'><em>2</em></span> <span class='ocrx_word' id='word_1_51' title='bbox 702 799 705 801; x_wconf 94' lang='lat'>·</span> <span class='ocrx_word' id='word_1_52' title='bbox 756 785 886 820; x_wconf 91' lang='lat' dir='ltr'><strong>vnius</strong></span> <span class='ocrx_word' id='word_1_53' title='bbox 902 780 1247 829; x_wconf 89' lang='lat' dir='ltr'><strong>scrupulivllain</strong></span> <span class='ocrx_word' id='word_1_54' title='bbox 1258 786 1380 828; x_wconf 90' lang='lat' dir='ltr'><strong>parte</strong></span> <span class='ocrx_word' id='word_1_55' title='bbox 1392 782 1452 818; x_wconf 93' lang='lat' dir='ltr'><strong>cis</strong></span> <span class='ocrx_word' id='word_1_56' title='bbox 1463 779 1799 818; x_wconf 88' lang='lat' dir='ltr'><strong>velvltralateat</strong></span> <span class='ocrx_word' id='word_1_57' title='bbox 1810 779 2049 828; x_wconf 90' lang='lat' dir='ltr'><strong>scrupulus,</strong></span> 
     </span>
    </p>

    <p class='ocr_par' dir='ltr' id='par_1_6' title="bbox 454 814 2122 946">
     <span class='ocr_line' id='line_1_9' title="bbox 454 814 2050 903; baseline -0.003 -28"><span class='ocrx_word' id='word_1_58' title='bbox 454 838 456 840; x_wconf 71' lang='grc'><strong><em>’</em></strong></span> <span class='ocrx_word' id='word_1_59' title='bbox 503 834 505 837; x_wconf 66' lang='grc'>’</span> <span class='ocrx_word' id='word_1_60' title='bbox 526 835 592 885; x_wconf 68' lang='grc' dir='ltr'><strong>]ἷ·’ἶ’.’»’</strong></span> <span class='ocrx_word' id='word_1_61' title='bbox 653 814 726 903; x_wconf 53' lang='lat' dir='ltr'><strong>lg</strong></span> <span class='ocrx_word' id='word_1_62' title='bbox 757 835 1133 884; x_wconf 85' lang='lat' dir='ltr'>quemadmodum</span> <span class='ocrx_word' id='word_1_63' title='bbox 1152 834 1436 872; x_wconf 83' lang='lat' dir='ltr'><strong>antecedente</strong></span> <span class='ocrx_word' id='word_1_64' title='bbox 1453 833 1609 880; x_wconf 88' lang='lat' dir='ltr'><strong>Capite</strong></span> <span class='ocrx_word' id='word_1_65' title='bbox 1626 844 1652 871; x_wconf 92' lang='lat' dir='ltr'><strong>a</strong></span> <span class='ocrx_word' id='word_1_66' title='bbox 1668 833 1794 871; x_wconf 89' lang='lat' dir='ltr'><strong>nobis</strong></span> <span class='ocrx_word' id='word_1_67' title='bbox 1815 833 2050 881; x_wconf 84' lang='lat' dir='ltr'><strong>praestitum</strong></span> 
     </span>
     <span class='ocr_line' id='line_1_10' title="bbox 454 882 2122 946; baseline -0.002 -19"><span class='ocrx_word' id='word_1_68' title='bbox 454 891 460 903; x_wconf 83' lang='lat'><strong><em>¹</em></strong></span> <span class='ocrx_word' id='word_1_69' title='bbox 503 882 589 946; x_wconf 41' lang='lat' dir='ltr'><strong>§e</strong></span> <span class='ocrx_word' id='word_1_70' title='bbox 632 928 634 930; x_wconf 70' lang='grc'>,</span> <span class='ocrx_word' id='word_1_71' title='bbox 659 902 693 921; x_wconf 70' lang='lat'><strong>2-</strong></span> <span class='ocrx_word' id='word_1_72' title='bbox 720 888 733 932; x_wconf 64' lang='grc' dir='ltr'><em>ὲ</em></span> <span class='ocrx_word' id='word_1_73' title='bbox 757 886 2049 934; x_wconf 85' lang='lat' dir='ltr'><strong>est:etfidifficultatibusnonnullisinuolutumfit,neceoper·</strong></span> <span class='ocrx_word' id='word_1_74' title='bbox 2091 899 2122 925; x_wconf 93' lang='grc' dir='ltr'><strong>ιο</strong></span> 
     </span>
    </p>
   </div>
   <div class='ocr_carea' id='block_1_4' title="bbox 398 644 747 983">
    <p class='ocr_par' dir='ltr' id='par_1_7' title="bbox 398 644 747 983">
     <span class='ocr_line' id='line_1_11' title="bbox 398 644 747 983; baseline 0 -213"><span class='ocrx_word' id='word_1_75' title='bbox 398 644 747 983; x_wconf 95' lang='lat' dir='ltr'><strong>     </strong></span> 
     </span>
    </p>
   </div>
   <div class='ocr_carea' id='block_1_5' title="bbox 406 936 2142 2537">
    <p class='ocr_par' dir='ltr' id='par_1_8' title="bbox 426 936 2051 985">
     <span class='ocr_line' id='line_1_12' title="bbox 426 936 2051 985; baseline -0.001 -5"><span class='ocrx_word' id='word_1_76' title='bbox 426 967 428 969; x_wconf 34' lang='lat' dir='ltr'>v</span> <span class='ocrx_word' id='word_1_77' title='bbox 462 967 464 969; x_wconf 95' lang='lat'>-</span> <span class='ocrx_word' id='word_1_78' title='bbox 638 964 640 966; x_wconf 37' lang='lat' dir='ltr'>v</span> <span class='ocrx_word' id='word_1_79' title='bbox 682 936 726 965; x_wconf 55' lang='lat'><strong>·*&#39;</strong></span> <span class='ocrx_word' id='word_1_80' title='bbox 757 944 973 985; x_wconf 89' lang='lat' dir='ltr'><strong>ueniatur‚</strong></span> <span class='ocrx_word' id='word_1_81' title='bbox 990 940 1068 979; x_wconf 90' lang='lat' dir='ltr'><strong>nifi</strong></span> <span class='ocrx_word' id='word_1_82' title='bbox 1082 941 1370 978; x_wconf 83' lang='lat' dir='ltr'><strong>Instrumenta</strong></span> <span class='ocrx_word' id='word_1_83' title='bbox 1386 939 1424 977; x_wconf 99' lang='grc'><strong>8(</strong></span> <span class='ocrx_word' id='word_1_84' title='bbox 1441 939 1780 978; x_wconf 88' lang='lat' dir='ltr'><strong>Obseruationes</strong></span> <span class='ocrx_word' id='word_1_85' title='bbox 1796 940 2051 978; x_wconf 86' lang='lat' dir='ltr'><strong>adamussim</strong></span> 
     </span>
    </p>

    <p class='ocr_par' dir='ltr' id='par_1_9' title="bbox 406 993 2127 1791">
     <span class='ocr_line' id='line_1_13' title="bbox 406 993 2051 1042; baseline -0.003 -6"><span class='ocrx_word' id='word_1_86' title='bbox 406 998 445 1036; x_wconf 86' lang='lat' dir='ltr'><strong>se</strong></span> <span class='ocrx_word' id='word_1_87' title='bbox 462 997 706 1040; x_wconf 78' lang='lat' dir='ltr'><strong>habuerint,</strong></span> <span class='ocrx_word' id='word_1_88' title='bbox 724 996 1019 1042; x_wconf 88' lang='lat' dir='ltr'><strong>Fixarumque</strong></span> <span class='ocrx_word' id='word_1_89' title='bbox 1033 994 1207 1042; x_wconf 85' lang='lat' dir='ltr'><strong>insuper</strong></span> <span class='ocrx_word' id='word_1_90' title='bbox 1219 1005 1319 1041; x_wconf 85' lang='lat' dir='ltr'><strong>quae</strong></span> <span class='ocrx_word' id='word_1_91' title='bbox 1331 994 1600 1031; x_wconf 86' lang='lat' dir='ltr'><strong>assumuntur</strong></span> <span class='ocrx_word' id='word_1_92' title='bbox 1610 993 1708 1031; x_wconf 91' lang='lat' dir='ltr'><strong>loca</strong></span> <span class='ocrx_word' id='word_1_93' title='bbox 1719 999 1920 1032; x_wconf 89' lang='lat' dir='ltr'><strong>accurate</strong></span> <span class='ocrx_word' id='word_1_94' title='bbox 1930 995 2051 1041; x_wconf 89' lang='lat' dir='ltr'><strong>prius</strong></span> 
     </span>
     <span class='ocr_line' id='line_1_14' title="bbox 406 1046 2050 1095; baseline -0.002 -7"><span class='ocrx_word' id='word_1_95' title='bbox 406 1050 627 1089; x_wconf 87' lang='lat' dir='ltr'><strong>verificata</strong></span> <span class='ocrx_word' id='word_1_96' title='bbox 647 1049 819 1092; x_wconf 84' lang='lat' dir='ltr'><strong>suerint,</strong></span> <span class='ocrx_word' id='word_1_97' title='bbox 840 1054 884 1086; x_wconf 89' lang='lat' dir='ltr'><strong>vt</strong></span> <span class='ocrx_word' id='word_1_98' title='bbox 904 1059 995 1086; x_wconf 90' lang='lat' dir='ltr'><strong>non</strong></span> <span class='ocrx_word' id='word_1_99' title='bbox 1011 1047 1203 1095; x_wconf 91' lang='lat' dir='ltr'><strong>vulgaris</strong></span> <span class='ocrx_word' id='word_1_100' title='bbox 1219 1049 1265 1085; x_wconf 93' lang='lat' dir='ltr'><strong>in</strong></span> <span class='ocrx_word' id='word_1_101' title='bbox 1280 1046 1349 1085; x_wconf 91' lang='lat' dir='ltr'><strong>his</strong></span> <span class='ocrx_word' id='word_1_102' title='bbox 1365 1047 1571 1085; x_wconf 91' lang='lat' dir='ltr'><strong>omnibus</strong></span> <span class='ocrx_word' id='word_1_103' title='bbox 1590 1048 1668 1085; x_wconf 90' lang='lat' dir='ltr'><strong>rite</strong></span> <span class='ocrx_word' id='word_1_104' title='bbox 1685 1047 1966 1094; x_wconf 88' lang='lat' dir='ltr'><strong>exequendis,</strong></span> <span class='ocrx_word' id='word_1_105' title='bbox 1987 1058 2050 1085; x_wconf 90' lang='lat' dir='ltr'><strong>re-</strong></span> 
     </span>
     <span class='ocr_line' id='line_1_15' title="bbox 406 1100 2051 1152; baseline -0.002 -11"><span class='ocrx_word' id='word_1_106' title='bbox 406 1107 602 1152; x_wconf 88' lang='lat' dir='ltr'><strong>quiratur</strong></span> <span class='ocrx_word' id='word_1_107' title='bbox 618 1102 855 1150; x_wconf 89' lang='lat' dir='ltr'><strong>diligentia;</strong></span> <span class='ocrx_word' id='word_1_108' title='bbox 872 1101 915 1139; x_wconf 89' lang='lat' dir='ltr'><strong>id</strong></span> <span class='ocrx_word' id='word_1_109' title='bbox 930 1106 1080 1139; x_wconf 91' lang='lat' dir='ltr'><strong>tamen</strong></span> <span class='ocrx_word' id='word_1_110' title='bbox 1096 1100 1214 1148; x_wconf 95' lang='lat' dir='ltr'><strong>quod</strong></span> <span class='ocrx_word' id='word_1_111' title='bbox 1231 1112 1349 1139; x_wconf 91' lang='lat' dir='ltr'><strong>nunc</strong></span> <span class='ocrx_word' id='word_1_112' title='bbox 1365 1100 1652 1148; x_wconf 88' lang='lat' dir='ltr'><strong>aggredimur,</strong></span> <span class='ocrx_word' id='word_1_113' title='bbox 1670 1100 1976 1138; x_wconf 89' lang='lat' dir='ltr'><strong>Remotionem</strong></span> <span class='ocrx_word' id='word_1_114' title='bbox 1990 1101 2051 1138; x_wconf 87' lang='lat' dir='ltr'><strong>vi-</strong></span> 
     </span>
     <span class='ocr_line' id='line_1_16' title="bbox 406 1153 2122 1201; baseline -0.002 -6"><span class='ocrx_word' id='word_1_115' title='bbox 406 1158 558 1196; x_wconf 90' lang='lat' dir='ltr'><strong>delicet</strong></span> <span class='ocrx_word' id='word_1_116' title='bbox 581 1158 675 1194; x_wconf 90' lang='lat' dir='ltr'><strong>eius</strong></span> <span class='ocrx_word' id='word_1_117' title='bbox 698 1155 858 1194; x_wconf 91' lang='lat' dir='ltr'><strong>Sideris</strong></span> <span class='ocrx_word' id='word_1_118' title='bbox 881 1156 907 1192; x_wconf 78' lang='lat' dir='ltr'><strong>a</strong></span> <span class='ocrx_word' id='word_1_119' title='bbox 929 1154 1087 1199; x_wconf 89' lang='lat' dir='ltr'><strong>Terris,</strong></span> <span class='ocrx_word' id='word_1_120' title='bbox 1113 1153 1151 1192; x_wconf 87' lang='lat'>&amp;</span> <span class='ocrx_word' id='word_1_121' title='bbox 1176 1156 1222 1191; x_wconf 94' lang='lat' dir='ltr'><strong>in</strong></span> <span class='ocrx_word' id='word_1_122' title='bbox 1247 1166 1335 1201; x_wconf 93' lang='lat' dir='ltr'><strong>qua</strong></span> <span class='ocrx_word' id='word_1_123' title='bbox 1360 1153 1522 1191; x_wconf 92' lang='lat' dir='ltr'><strong>Mundi</strong></span> <span class='ocrx_word' id='word_1_124' title='bbox 1547 1159 1668 1201; x_wconf 89' lang='lat' dir='ltr'><strong>parte</strong></span> <span class='ocrx_word' id='word_1_125' title='bbox 1694 1153 1910 1198; x_wconf 82' lang='lat' dir='ltr'><strong>effulserit,</strong></span> <span class='ocrx_word' id='word_1_126' title='bbox 1935 1159 2052 1192; x_wconf 91' lang='lat' dir='ltr'><strong>certo</strong></span> <span class='ocrx_word' id='word_1_127' title='bbox 2093 1167 2122 1192; x_wconf 83' lang='lat'><strong>15</strong></span> 
     </span>
     <span class='ocr_line' id='line_1_17' title="bbox 406 1206 2052 1258; baseline -0.002 -10"><span class='ocrx_word' id='word_1_128' title='bbox 406 1210 673 1258; x_wconf 82' lang='lat' dir='ltr'><strong>cognoscere,</strong></span> <span class='ocrx_word' id='word_1_129' title='bbox 704 1209 1017 1255; x_wconf 87' lang='lat' dir='ltr'><strong>euidenterque</strong></span> <span class='ocrx_word' id='word_1_130' title='bbox 1043 1207 1349 1251; x_wconf 87' lang='lat' dir='ltr'><strong>demonstrare,</strong></span> <span class='ocrx_word' id='word_1_131' title='bbox 1379 1206 1507 1255; x_wconf 91' lang='lat' dir='ltr'><strong>longe</strong></span> <span class='ocrx_word' id='word_1_132' title='bbox 1534 1208 1715 1245; x_wconf 92' lang='lat' dir='ltr'><strong>maioris</strong></span> <span class='ocrx_word' id='word_1_133' title='bbox 1740 1206 1796 1245; x_wconf 81' lang='lat' dir='ltr'><strong>est</strong></span> <span class='ocrx_word' id='word_1_134' title='bbox 1819 1206 2052 1251; x_wconf 86' lang='lat' dir='ltr'><strong>industriae,</strong></span> 
     </span>
     <span class='ocr_line' id='line_1_18' title="bbox 406 1259 2052 1309; baseline -0.002 -8"><span class='ocrx_word' id='word_1_135' title='bbox 406 1264 566 1302; x_wconf 91' lang='lat' dir='ltr'><strong>laboris</strong></span> <span class='ocrx_word' id='word_1_136' title='bbox 588 1262 624 1300; x_wconf 86' lang='lat'>&amp;</span> <span class='ocrx_word' id='word_1_137' title='bbox 645 1262 898 1306; x_wconf 84' lang='lat' dir='ltr'><strong>subtilitatis,</strong></span> <span class='ocrx_word' id='word_1_138' title='bbox 919 1261 1140 1309; x_wconf 89' lang='lat' dir='ltr'><strong>magisque</strong></span> <span class='ocrx_word' id='word_1_139' title='bbox 1161 1261 1352 1299; x_wconf 89' lang='lat' dir='ltr'><strong>arduum</strong></span> <span class='ocrx_word' id='word_1_140' title='bbox 1373 1259 1411 1297; x_wconf 90' lang='lat'>&amp;</span> <span class='ocrx_word' id='word_1_141' title='bbox 1431 1260 1629 1308; x_wconf 92' lang='lat' dir='ltr'><strong>pluribus</strong></span> <span class='ocrx_word' id='word_1_142' title='bbox 1650 1259 1957 1298; x_wconf 88' lang='lat' dir='ltr'><strong>difficultatum</strong></span> <span class='ocrx_word' id='word_1_143' title='bbox 1977 1271 2052 1298; x_wconf 90' lang='lat' dir='ltr'><strong>an-</strong></span> 
     </span>
     <span class='ocr_line' id='line_1_19' title="bbox 406 1313 2053 1362; baseline -0.002 -8"><span class='ocrx_word' id='word_1_144' title='bbox 406 1315 608 1354; x_wconf 68' lang='lat' dir='ltr'><strong>fractibus</strong></span> <span class='ocrx_word' id='word_1_145' title='bbox 621 1315 876 1353; x_wconf 88' lang='lat' dir='ltr'><strong>obnoxium.</strong></span> <span class='ocrx_word' id='word_1_146' title='bbox 889 1314 972 1353; x_wconf 90' lang='lat' dir='ltr'><strong>Sed</strong></span> <span class='ocrx_word' id='word_1_147' title='bbox 985 1326 1073 1362; x_wconf 93' lang='lat' dir='ltr'><strong>quo</strong></span> <span class='ocrx_word' id='word_1_148' title='bbox 1085 1325 1177 1352; x_wconf 93' lang='lat' dir='ltr'><strong>non</strong></span> <span class='ocrx_word' id='word_1_149' title='bbox 1188 1316 1389 1362; x_wconf 89' lang='lat' dir='ltr'><strong>pertingit</strong></span> <span class='ocrx_word' id='word_1_150' title='bbox 1400 1313 1611 1352; x_wconf 87' lang='lat' dir='ltr'><strong>humanae</strong></span> <span class='ocrx_word' id='word_1_151' title='bbox 1621 1313 1787 1352; x_wconf 90' lang='lat' dir='ltr'><strong>Mentis</strong></span> <span class='ocrx_word' id='word_1_152' title='bbox 1797 1315 1925 1357; x_wconf 88' lang='lat' dir='ltr'><strong>acies,</strong></span> <span class='ocrx_word' id='word_1_153' title='bbox 1936 1313 2053 1352; x_wconf 91' lang='lat' dir='ltr'><strong>Geo-</strong></span> 
     </span>
     <span class='ocr_line' id='line_1_20' title="bbox 406 1366 2053 1416; baseline -0.001 -8"><span class='ocrx_word' id='word_1_154' title='bbox 406 1372 560 1408; x_wconf 91' lang='lat' dir='ltr'><strong>metria</strong></span> <span class='ocrx_word' id='word_1_155' title='bbox 580 1375 710 1416; x_wconf 89' lang='lat' dir='ltr'><strong>atque</strong></span> <span class='ocrx_word' id='word_1_156' title='bbox 726 1368 1015 1406; x_wconf 90' lang='lat' dir='ltr'><strong>Arithmetica</strong></span> <span class='ocrx_word' id='word_1_157' title='bbox 1035 1373 1249 1414; x_wconf 90' lang='lat' dir='ltr'><strong>tanquam</strong></span> <span class='ocrx_word' id='word_1_158' title='bbox 1269 1367 1520 1415; x_wconf 90' lang='lat' dir='ltr'><strong>perspicillis</strong></span> <span class='ocrx_word' id='word_1_159' title='bbox 1535 1366 1620 1411; x_wconf 91' lang='lat' dir='ltr'><strong>vsa,</strong></span> <span class='ocrx_word' id='word_1_160' title='bbox 1642 1367 1944 1415; x_wconf 88' lang='lat' dir='ltr'><strong>oculatiorque</strong></span> <span class='ocrx_word' id='word_1_161' title='bbox 1960 1367 2053 1406; x_wconf 90' lang='lat' dir='ltr'><strong>red-</strong></span> 
     </span>
     <span class='ocr_line' id='line_1_21' title="bbox 407 1419 2125 1470; baseline -0.002 -9"><span class='ocrx_word' id='word_1_162' title='bbox 407 1424 510 1465; x_wconf 88' lang='lat' dir='ltr'><strong>dita;</strong></span> <span class='ocrx_word' id='word_1_163' title='bbox 535 1423 692 1470; x_wconf 91' lang='lat' dir='ltr'><strong>quibus</strong></span> <span class='ocrx_word' id='word_1_164' title='bbox 715 1424 846 1460; x_wconf 90' lang='lat' dir='ltr'><strong>etiam</strong></span> <span class='ocrx_word' id='word_1_165' title='bbox 868 1427 1082 1469; x_wconf 90' lang='lat' dir='ltr'><strong>tanquam</strong></span> <span class='ocrx_word' id='word_1_166' title='bbox 1103 1421 1198 1459; x_wconf 92' lang='lat' dir='ltr'><strong>Alis</strong></span> <span class='ocrx_word' id='word_1_167' title='bbox 1220 1419 1421 1459; x_wconf 70' lang='lat' dir='ltr'><strong>instructa</strong></span> <span class='ocrx_word' id='word_1_168' title='bbox 1443 1422 1489 1458; x_wconf 92' lang='lat' dir='ltr'><strong>in</strong></span> <span class='ocrx_word' id='word_1_169' title='bbox 1512 1421 1837 1458; x_wconf 89' lang='lat' dir='ltr'><strong>remotissimum</strong></span> <span class='ocrx_word' id='word_1_170' title='bbox 1857 1420 2053 1465; x_wconf 86' lang='lat' dir='ltr'><strong>AEthera‚</strong></span> <span class='ocrx_word' id='word_1_171' title='bbox 2092 1433 2125 1459; x_wconf 85' lang='lat'><strong>20</strong></span> 
     </span>
     <span class='ocr_line' id='line_1_22' title="bbox 408 1473 2055 1522; baseline -0.001 -8"><span class='ocrx_word' id='word_1_172' title='bbox 408 1477 726 1522; x_wconf 87' lang='lat' dir='ltr'><strong>Coelorumque</strong></span> <span class='ocrx_word' id='word_1_173' title='bbox 747 1477 924 1513; x_wconf 91' lang='lat' dir='ltr'><strong>intimos</strong></span> <span class='ocrx_word' id='word_1_174' title='bbox 941 1475 1131 1518; x_wconf 88' lang='lat' dir='ltr'><strong>recessus,</strong></span> <span class='ocrx_word' id='word_1_175' title='bbox 1154 1474 1313 1512; x_wconf 90' lang='lat' dir='ltr'><strong>euolat.</strong></span> <span class='ocrx_word' id='word_1_176' title='bbox 1336 1474 1432 1512; x_wconf 94' lang='lat' dir='ltr'><strong>Nos</strong></span> <span class='ocrx_word' id='word_1_177' title='bbox 1448 1476 1576 1522; x_wconf 91' lang='lat' dir='ltr'><strong>igitur</strong></span> <span class='ocrx_word' id='word_1_178' title='bbox 1592 1473 1630 1512; x_wconf 95' lang='grc'><strong>8(</strong></span> <span class='ocrx_word' id='word_1_179' title='bbox 1646 1473 1759 1512; x_wconf 90' lang='lat' dir='ltr'><strong>hisce</strong></span> <span class='ocrx_word' id='word_1_180' title='bbox 1776 1473 2055 1512; x_wconf 87' lang='lat' dir='ltr'><strong>adminiculis</strong></span> 
     </span>
     <span class='ocr_line' id='line_1_23' title="bbox 407 1527 2055 1576; baseline -0.001 -9"><span class='ocrx_word' id='word_1_181' title='bbox 407 1529 565 1571; x_wconf 83' lang='lat' dir='ltr'><strong>confisi,</strong></span> <span class='ocrx_word' id='word_1_182' title='bbox 583 1540 723 1576; x_wconf 90' lang='lat' dir='ltr'><strong>eaque</strong></span> <span class='ocrx_word' id='word_1_183' title='bbox 740 1540 840 1576; x_wconf 87' lang='lat' dir='ltr'><strong>quae</strong></span> <span class='ocrx_word' id='word_1_184' title='bbox 857 1530 902 1566; x_wconf 89' lang='lat' dir='ltr'><strong>in</strong></span> <span class='ocrx_word' id='word_1_185' title='bbox 918 1528 1062 1566; x_wconf 90' lang='lat' dir='ltr'><strong>sensus</strong></span> <span class='ocrx_word' id='word_1_186' title='bbox 1079 1533 1294 1571; x_wconf 84' lang='lat' dir='ltr'><strong>externos,</strong></span> <span class='ocrx_word' id='word_1_187' title='bbox 1311 1527 1381 1565; x_wconf 90' lang='lat' dir='ltr'><strong>vel</strong></span> <span class='ocrx_word' id='word_1_188' title='bbox 1393 1539 1446 1565; x_wconf 86' lang='lat' dir='ltr'><strong>ex</strong></span> <span class='ocrx_word' id='word_1_189' title='bbox 1457 1527 1510 1572; x_wconf 86' lang='lat' dir='ltr'><strong>se,</strong></span> <span class='ocrx_word' id='word_1_190' title='bbox 1527 1527 1598 1565; x_wconf 90' lang='lat' dir='ltr'><strong>vel</strong></span> <span class='ocrx_word' id='word_1_191' title='bbox 1609 1527 1873 1566; x_wconf 89' lang='lat' dir='ltr'><strong>collimatius</strong></span> <span class='ocrx_word' id='word_1_192' title='bbox 1884 1527 2055 1566; x_wconf 88' lang='lat' dir='ltr'><strong>idoneis</strong></span> 
     </span>
     <span class='ocr_line' id='line_1_24' title="bbox 408 1580 2055 1629; baseline -0.001 -9"><span class='ocrx_word' id='word_1_193' title='bbox 408 1583 701 1620; x_wconf 86' lang='lat' dir='ltr'><strong>Instrumentis</strong></span> <span class='ocrx_word' id='word_1_194' title='bbox 729 1582 1082 1629; x_wconf 85' lang='lat' dir='ltr'><strong>explorabantur,</strong></span> <span class='ocrx_word' id='word_1_195' title='bbox 1113 1581 1383 1625; x_wconf 84' lang='lat' dir='ltr'><strong>adhibentes,</strong></span> <span class='ocrx_word' id='word_1_196' title='bbox 1411 1581 1537 1619; x_wconf 86' lang='lat' dir='ltr'><strong>fitum</strong></span> <span class='ocrx_word' id='word_1_197' title='bbox 1563 1581 1697 1619; x_wconf 91' lang='lat' dir='ltr'><strong>huius</strong></span> <span class='ocrx_word' id='word_1_198' title='bbox 1721 1580 1880 1624; x_wconf 89' lang='lat' dir='ltr'><strong>Stellae‚</strong></span> <span class='ocrx_word' id='word_1_199' title='bbox 1908 1580 2055 1628; x_wconf 91' lang='lat' dir='ltr'><strong>quoad</strong></span> 
     </span>
     <span class='ocr_line' id='line_1_25' title="bbox 408 1634 2055 1683; baseline -0.001 -10"><span class='ocrx_word' id='word_1_200' title='bbox 408 1635 705 1674; x_wconf 86' lang='lat' dir='ltr'><strong>Vniuerfitatis</strong></span> <span class='ocrx_word' id='word_1_201' title='bbox 714 1636 977 1674; x_wconf 88' lang='lat' dir='ltr'><strong>diametrum</strong></span> <span class='ocrx_word' id='word_1_202' title='bbox 986 1635 1286 1683; x_wconf 77' lang='lat' dir='ltr'><strong>peruefflgare,</strong></span> <span class='ocrx_word' id='word_1_203' title='bbox 1294 1634 1912 1682; x_wconf 85' lang='lat' dir='ltr'><strong>indubitatisqueApodixibus</strong></span> <span class='ocrx_word' id='word_1_204' title='bbox 1921 1634 2055 1672; x_wconf 84' lang='lat' dir='ltr'><strong>osten-</strong></span> 
     </span>
     <span class='ocr_line' id='line_1_26' title="bbox 408 1687 2127 1791; baseline -0.001 -64"><span class='ocrx_word' id='word_1_205' title='bbox 408 1690 508 1727; x_wconf 87' lang='lat' dir='ltr'><strong>dere</strong></span> <span class='ocrx_word' id='word_1_206' title='bbox 521 1695 650 1791; x_wconf 69' lang='lat' dir='ltr'><strong>atqu&#39;e</strong></span> <span class='ocrx_word' id='word_1_207' title='bbox 663 1691 768 1727; x_wconf 93' lang='lat' dir='ltr'><strong>citra</strong></span> <span class='ocrx_word' id='word_1_208' title='bbox 778 1700 956 1727; x_wconf 92' lang='lat' dir='ltr'><strong>omnem</strong></span> <span class='ocrx_word' id='word_1_209' title='bbox 966 1688 1325 1727; x_wconf 87' lang='lat' dir='ltr'><strong>hallucinationis</strong></span> <span class='ocrx_word' id='word_1_210' title='bbox 1334 1688 1619 1735; x_wconf 90' lang='lat' dir='ltr'><strong>suspicionem</strong></span> <span class='ocrx_word' id='word_1_211' title='bbox 1628 1687 1899 1735; x_wconf 89' lang='lat' dir='ltr'><strong>persuadere,</strong></span> <span class='ocrx_word' id='word_1_212' title='bbox 1912 1699 2056 1736; x_wconf 91' lang='lat' dir='ltr'><strong>aggre-</strong></span> <span class='ocrx_word' id='word_1_213' title='bbox 2094 1701 2127 1726; x_wconf 79' lang='lat'><strong>25</strong></span> 
     </span>
     <span class='ocr_line' id='line_1_27' title="bbox 408 1744 589 1780; baseline 0 0"><span class='ocrx_word' id='word_1_214' title='bbox 408 1744 589 1780; x_wconf 87' lang='lat' dir='ltr'><strong>diemur.</strong></span> 
     </span>
    </p>

    <p class='ocr_par' dir='ltr' id='par_1_10' title="bbox 410 1739 2142 2003">
     <span class='ocr_line' id='line_1_28' title="bbox 463 1739 2142 1843; baseline 0 -10"><span class='ocrx_word' id='word_1_215' title='bbox 463 1739 688 1843; x_wconf 49' lang='lat' dir='ltr'><strong>Praecipua</strong></span> <span class='ocrx_word' id='word_1_216' title='bbox 709 1797 826 1833; x_wconf 90' lang='lat' dir='ltr'><strong>enim</strong></span> <span class='ocrx_word' id='word_1_217' title='bbox 848 1795 885 1833; x_wconf 91' lang='grc'><strong>8(</strong></span> <span class='ocrx_word' id='word_1_218' title='bbox 906 1796 1129 1842; x_wconf 87' lang='lat' dir='ltr'><strong>potissima,</strong></span> <span class='ocrx_word' id='word_1_219' title='bbox 1151 1806 1252 1842; x_wconf 89' lang='lat' dir='ltr'><strong>quae</strong></span> <span class='ocrx_word' id='word_1_220' title='bbox 1273 1797 1386 1833; x_wconf 92' lang='lat' dir='ltr'><strong>circa</strong></span> <span class='ocrx_word' id='word_1_221' title='bbox 1407 1794 1522 1833; x_wconf 92' lang='lat' dir='ltr'><strong>hanc</strong></span> <span class='ocrx_word' id='word_1_222' title='bbox 1543 1794 1723 1833; x_wconf 89' lang='lat' dir='ltr'><strong>Stellam</strong></span> <span class='ocrx_word' id='word_1_223' title='bbox 1744 1794 2056 1833; x_wconf 81' lang='lat' dir='ltr'><strong>consideranda</strong></span> <span class='ocrx_word' id='word_1_224' title='bbox 2080 1801 2142 1834; x_wconf 80' lang='lat'><strong>397</strong></span> 
     </span>
     <span class='ocr_line' id='line_1_29' title="bbox 410 1848 2056 1893; baseline 0 -7"><span class='ocrx_word' id='word_1_225' title='bbox 410 1852 603 1891; x_wconf 82' lang='lat' dir='ltr'><strong>veniunt,</strong></span> <span class='ocrx_word' id='word_1_226' title='bbox 628 1861 680 1886; x_wconf 84' lang='lat' dir='ltr'><strong>ex</strong></span> <span class='ocrx_word' id='word_1_227' title='bbox 704 1851 797 1886; x_wconf 92' lang='lat' dir='ltr'><strong>eius</strong></span> <span class='ocrx_word' id='word_1_228' title='bbox 820 1848 910 1893; x_wconf 82' lang='lat' dir='ltr'><strong>litu,</strong></span> <span class='ocrx_word' id='word_1_229' title='bbox 935 1854 1079 1886; x_wconf 92' lang='lat' dir='ltr'><strong>vtrum</strong></span> <span class='ocrx_word' id='word_1_230' title='bbox 1102 1851 1147 1886; x_wconf 91' lang='lat' dir='ltr'><strong>in</strong></span> <span class='ocrx_word' id='word_1_231' title='bbox 1169 1848 1435 1886; x_wconf 88' lang='lat' dir='ltr'><strong>Elementari</strong></span> <span class='ocrx_word' id='word_1_232' title='bbox 1456 1848 1631 1886; x_wconf 91' lang='lat' dir='ltr'><strong>Mundo</strong></span> <span class='ocrx_word' id='word_1_233' title='bbox 1654 1848 1768 1886; x_wconf 86' lang='lat' dir='ltr'><strong>infra</strong></span> <span class='ocrx_word' id='word_1_234' title='bbox 1789 1848 1975 1891; x_wconf 85' lang='lat' dir='ltr'><strong>Lunam.</strong></span> <span class='ocrx_word' id='word_1_235' title='bbox 1999 1859 2056 1886; x_wconf 90' lang='lat' dir='ltr'><strong>an</strong></span> 
     </span>
     <span class='ocr_line' id='line_1_30' title="bbox 411 1901 2058 1949; baseline 0 -10"><span class='ocrx_word' id='word_1_236' title='bbox 411 1914 514 1940; x_wconf 89' lang='lat' dir='ltr'><strong>vero</strong></span> <span class='ocrx_word' id='word_1_237' title='bbox 532 1902 704 1940; x_wconf 87' lang='lat' dir='ltr'><strong>Coelesti</strong></span> <span class='ocrx_word' id='word_1_238' title='bbox 726 1904 838 1940; x_wconf 89' lang='lat' dir='ltr'><strong>intra</strong></span> <span class='ocrx_word' id='word_1_239' title='bbox 858 1902 1018 1949; x_wconf 91' lang='lat' dir='ltr'><strong>septem</strong></span> <span class='ocrx_word' id='word_1_240' title='bbox 1039 1902 1322 1940; x_wconf 90' lang='lat' dir='ltr'><strong>Planetarum</strong></span> <span class='ocrx_word' id='word_1_241' title='bbox 1339 1901 1666 1945; x_wconf 83' lang='lat' dir='ltr'><strong>Reuolutiones,</strong></span> <span class='ocrx_word' id='word_1_242' title='bbox 1687 1901 1757 1940; x_wconf 89' lang='lat' dir='ltr'><strong>vel</strong></span> <span class='ocrx_word' id='word_1_243' title='bbox 1778 1904 1910 1940; x_wconf 89' lang='lat' dir='ltr'><strong>etiam</strong></span> <span class='ocrx_word' id='word_1_244' title='bbox 1929 1901 2058 1949; x_wconf 90' lang='lat' dir='ltr'><strong>supra</strong></span> 
     </span>
     <span class='ocr_line' id='line_1_31' title="bbox 411 1954 2128 2003; baseline 0.001 -10"><span class='ocrx_word' id='word_1_245' title='bbox 411 1956 490 1993; x_wconf 91' lang='lat' dir='ltr'><strong>has</strong></span> <span class='ocrx_word' id='word_1_246' title='bbox 507 1956 622 2002; x_wconf 89' lang='lat' dir='ltr'><strong>apud</strong></span> <span class='ocrx_word' id='word_1_247' title='bbox 640 1955 728 2002; x_wconf 91' lang='lat' dir='ltr'><strong>ipsa</strong></span> <span class='ocrx_word' id='word_1_248' title='bbox 745 1955 878 1993; x_wconf 84' lang='lat' dir='ltr'><strong>affixa</strong></span> <span class='ocrx_word' id='word_1_249' title='bbox 894 1955 1046 1994; x_wconf 89' lang='lat' dir='ltr'><strong>Sidera</strong></span> <span class='ocrx_word' id='word_1_250' title='bbox 1062 1955 1245 2003; x_wconf 84' lang='lat' dir='ltr'><strong>reposita</strong></span> <span class='ocrx_word' id='word_1_251' title='bbox 1261 1954 1401 1998; x_wconf 77' lang='lat' dir='ltr'><strong>fuerit.</strong></span> <span class='ocrx_word' id='word_1_252' title='bbox 1418 1955 1737 2003; x_wconf 89' lang='lat' dir='ltr'><strong>dignoscuntur.</strong></span> <span class='ocrx_word' id='word_1_253' title='bbox 2096 1968 2128 1994; x_wconf 76' lang='lat'><strong>³0</strong></span> 
     </span>
    </p>

    <p class='ocr_par' dir='ltr' id='par_1_11' title="bbox 412 2007 2130 2537">
     <span class='ocr_line' id='line_1_32' title="bbox 464 2007 2058 2056; baseline 0 -10"><span class='ocrx_word' id='word_1_254' title='bbox 464 2009 561 2046; x_wconf 90' lang='lat' dir='ltr'><strong>Scio</strong></span> <span class='ocrx_word' id='word_1_255' title='bbox 583 2009 786 2055; x_wconf 86' lang='lat' dir='ltr'><strong>equidem</strong></span> <span class='ocrx_word' id='word_1_256' title='bbox 803 2008 1130 2056; x_wconf 87' lang='lat' dir='ltr'><strong>Philosophiam</strong></span> <span class='ocrx_word' id='word_1_257' title='bbox 1150 2008 1318 2056; x_wconf 83' lang='lat' dir='ltr'><strong>aliquot</strong></span> <span class='ocrx_word' id='word_1_258' title='bbox 1338 2011 1427 2047; x_wconf 88' lang='lat' dir='ltr'><strong>iam</strong></span> <span class='ocrx_word' id='word_1_259' title='bbox 1445 2009 1611 2047; x_wconf 91' lang='lat' dir='ltr'><strong>Seculis</strong></span> <span class='ocrx_word' id='word_1_260' title='bbox 1631 2008 1933 2056; x_wconf 80' lang='lat' dir='ltr'><strong>approbatam,</strong></span> <span class='ocrx_word' id='word_1_261' title='bbox 1955 2007 1993 2046; x_wconf 89' lang='grc'><strong>8(</strong></span> <span class='ocrx_word' id='word_1_262' title='bbox 2013 2010 2058 2046; x_wconf 91' lang='lat' dir='ltr'><strong>in</strong></span> 
     </span>
     <span class='ocr_line' id='line_1_33' title="bbox 412 2061 2058 2110; baseline 0.001 -11"><span class='ocrx_word' id='word_1_263' title='bbox 412 2062 579 2099; x_wconf 89' lang='lat' dir='ltr'><strong>Scholis</strong></span> <span class='ocrx_word' id='word_1_264' title='bbox 605 2062 809 2100; x_wconf 91' lang='lat' dir='ltr'><strong>omnibus</strong></span> <span class='ocrx_word' id='word_1_265' title='bbox 835 2062 936 2100; x_wconf 92' lang='lat' dir='ltr'><strong>hinc</strong></span> <span class='ocrx_word' id='word_1_266' title='bbox 962 2063 1062 2100; x_wconf 91' lang='lat' dir='ltr'><strong>inde</strong></span> <span class='ocrx_word' id='word_1_267' title='bbox 1088 2062 1393 2110; x_wconf 89' lang='lat' dir='ltr'><strong>personantem</strong></span> <span class='ocrx_word' id='word_1_268' title='bbox 1420 2062 1714 2110; x_wconf 88' lang='lat' dir='ltr'><strong>(personatam</strong></span> <span class='ocrx_word' id='word_1_269' title='bbox 1738 2061 1827 2100; x_wconf 87' lang='lat' dir='ltr'><strong>fere</strong></span> <span class='ocrx_word' id='word_1_270' title='bbox 1850 2061 2058 2107; x_wconf 83' lang='lat' dir='ltr'><strong>dixissem)</strong></span> 
     </span>
     <span class='ocr_line' id='line_1_34' title="bbox 412 2114 2058 2162; baseline 0.001 -10"><span class='ocrx_word' id='word_1_271' title='bbox 412 2128 488 2162; x_wconf 88' lang='lat' dir='ltr'><strong>pro</strong></span> <span class='ocrx_word' id='word_1_272' title='bbox 506 2116 695 2152; x_wconf 89' lang='lat' dir='ltr'><strong>concesso</strong></span> <span class='ocrx_word' id='word_1_273' title='bbox 712 2122 842 2162; x_wconf 91' lang='lat' dir='ltr'><strong>atque</strong></span> <span class='ocrx_word' id='word_1_274' title='bbox 860 2116 1102 2153; x_wconf 91' lang='lat' dir='ltr'><strong>indubitato</strong></span> <span class='ocrx_word' id='word_1_275' title='bbox 1120 2115 1359 2158; x_wconf 84' lang='lat' dir='ltr'><strong>admittere.</strong></span> <span class='ocrx_word' id='word_1_276' title='bbox 1377 2118 1490 2154; x_wconf 88' lang='lat' dir='ltr'><strong>intra</strong></span> <span class='ocrx_word' id='word_1_277' title='bbox 1507 2115 1704 2154; x_wconf 79' lang='lat' dir='ltr'><strong>Coelel&#39;tis</strong></span> <span class='ocrx_word' id='word_1_278' title='bbox 1720 2115 1882 2154; x_wconf 89' lang='lat' dir='ltr'><strong>Mundi</strong></span> <span class='ocrx_word' id='word_1_279' title='bbox 1893 2114 2058 2153; x_wconf 89' lang='lat' dir='ltr'><strong>Termi-</strong></span> 
     </span>
     <span class='ocr_line' id='line_1_35' title="bbox 413 2167 2058 2217; baseline 0.001 -12"><span class='ocrx_word' id='word_1_280' title='bbox 413 2180 491 2205; x_wconf 90' lang='lat' dir='ltr'><strong>nos</strong></span> <span class='ocrx_word' id='word_1_281' title='bbox 513 2168 621 2205; x_wconf 87' lang='lat' dir='ltr'><strong>nihil</strong></span> <span class='ocrx_word' id='word_1_282' title='bbox 643 2170 761 2210; x_wconf 80' lang='lat' dir='ltr'><strong>noui.</strong></span> <span class='ocrx_word' id='word_1_283' title='bbox 784 2169 901 2215; x_wconf 93' lang='lat' dir='ltr'><strong>quod</strong></span> <span class='ocrx_word' id='word_1_284' title='bbox 923 2169 996 2216; x_wconf 85' lang='lat' dir='ltr'><strong>ipsl</strong></span> <span class='ocrx_word' id='word_1_285' title='bbox 1014 2169 1143 2207; x_wconf 88' lang='lat' dir='ltr'><strong>Coelo</strong></span> <span class='ocrx_word' id='word_1_286' title='bbox 1165 2180 1370 2207; x_wconf 88' lang='lat' dir='ltr'><strong>coaeuum</strong></span> <span class='ocrx_word' id='word_1_287' title='bbox 1391 2168 1429 2207; x_wconf 91' lang='grc'><strong>8(</strong></span> <span class='ocrx_word' id='word_1_288' title='bbox 1450 2169 1570 2216; x_wconf 88' lang='lat' dir='ltr'><strong>quafi</strong></span> <span class='ocrx_word' id='word_1_289' title='bbox 1591 2171 1872 2217; x_wconf 86' lang='lat' dir='ltr'><strong>congenitum</strong></span> <span class='ocrx_word' id='word_1_290' title='bbox 1892 2179 1984 2206; x_wconf 91' lang='lat' dir='ltr'><strong>non</strong></span> <span class='ocrx_word' id='word_1_291' title='bbox 2000 2167 2058 2212; x_wconf 84' lang='lat' dir='ltr'><strong>fit,</strong></span> 
     </span>
     <span class='ocr_line' id='line_1_36' title="bbox 413 2222 2129 2270; baseline 0.002 -13"><span class='ocrx_word' id='word_1_292' title='bbox 413 2223 606 2268; x_wconf 76' lang='lat' dir='ltr'><strong>vnquam</strong></span> <span class='ocrx_word' id='word_1_293' title='bbox 633 2222 804 2268; x_wconf 89' lang='lat' dir='ltr'><strong>prodire</strong></span> <span class='ocrx_word' id='word_1_294' title='bbox 830 2223 952 2268; x_wconf 87' lang='lat' dir='ltr'><strong>posse.</strong></span> <span class='ocrx_word' id='word_1_295' title='bbox 982 2222 1165 2260; x_wconf 91' lang='lat' dir='ltr'><strong>Nullam</strong></span> <span class='ocrx_word' id='word_1_296' title='bbox 1192 2224 1309 2260; x_wconf 91' lang='lat' dir='ltr'><strong>enim</strong></span> <span class='ocrx_word' id='word_1_297' title='bbox 1335 2225 1629 2270; x_wconf 90' lang='lat' dir='ltr'><strong>generationis</strong></span> <span class='ocrx_word' id='word_1_298' title='bbox 1654 2229 1729 2261; x_wconf 88' lang='lat' dir='ltr'><strong>aut</strong></span> <span class='ocrx_word' id='word_1_299' title='bbox 1755 2223 2058 2270; x_wconf 87' lang='lat' dir='ltr'><strong>corruptionis.</strong></span> <span class='ocrx_word' id='word_1_300' title='bbox 2097 2234 2129 2260; x_wconf 75' lang='lat'><strong>³5</strong></span> 
     </span>
     <span class='ocr_line' id='line_1_37' title="bbox 413 2275 2059 2324; baseline 0.002 -13"><span class='ocrx_word' id='word_1_301' title='bbox 413 2275 763 2321; x_wconf 86' lang='lat' dir='ltr'><strong>alterationisque</strong></span> <span class='ocrx_word' id='word_1_302' title='bbox 780 2275 909 2312; x_wconf 90' lang='lat' dir='ltr'><strong>vllius</strong></span> <span class='ocrx_word' id='word_1_303' title='bbox 926 2275 1180 2313; x_wconf 88' lang='lat' dir='ltr'><strong>AEtheream</strong></span> <span class='ocrx_word' id='word_1_304' title='bbox 1198 2275 1359 2314; x_wconf 88' lang='lat' dir='ltr'><strong>Mundi</strong></span> <span class='ocrx_word' id='word_1_305' title='bbox 1379 2276 1616 2324; x_wconf 90' lang='lat' dir='ltr'><strong>Regionem</strong></span> <span class='ocrx_word' id='word_1_306' title='bbox 1638 2275 1837 2314; x_wconf 85' lang='lat' dir='ltr'><strong>asciscere</strong></span> <span class='ocrx_word' id='word_1_307' title='bbox 1858 2275 2059 2314; x_wconf 79' lang='lat' dir='ltr'><strong>instabili-</strong></span> 
     </span>
     <span class='ocr_line' id='line_1_38' title="bbox 413 2327 2060 2377; baseline 0.002 -13"><span class='ocrx_word' id='word_1_308' title='bbox 413 2334 542 2364; x_wconf 80' lang='lat' dir='ltr'><strong>tatem</strong></span> <span class='ocrx_word' id='word_1_309' title='bbox 566 2327 761 2374; x_wconf 86' lang='lat' dir='ltr'><strong>nihilque</strong></span> <span class='ocrx_word' id='word_1_310' title='bbox 784 2328 1030 2375; x_wconf 82' lang='lat' dir='ltr'><strong>alienigeni,</strong></span> <span class='ocrx_word' id='word_1_311' title='bbox 1052 2329 1120 2366; x_wconf 89' lang='lat' dir='ltr'><strong>sed</strong></span> <span class='ocrx_word' id='word_1_312' title='bbox 1143 2328 1238 2366; x_wconf 72' lang='lat' dir='ltr'><strong>haec</strong></span> <span class='ocrx_word' id='word_1_313' title='bbox 1258 2332 1409 2367; x_wconf 90' lang='lat' dir='ltr'><strong>omnia</strong></span> <span class='ocrx_word' id='word_1_314' title='bbox 1427 2330 1692 2367; x_wconf 87' lang='lat' dir='ltr'><strong>Elementari</strong></span> <span class='ocrx_word' id='word_1_315' title='bbox 1710 2332 1804 2367; x_wconf 91' lang='lat' dir='ltr'><strong>eius</strong></span> <span class='ocrx_word' id='word_1_316' title='bbox 1820 2331 1930 2377; x_wconf 86' lang='lat' dir='ltr'><strong>parti</strong></span> <span class='ocrx_word' id='word_1_317' title='bbox 1947 2331 2060 2367; x_wconf 88' lang='lat' dir='ltr'><strong>intra</strong></span> 
     </span>
     <span class='ocr_line' id='line_1_39' title="bbox 415 2381 2060 2430; baseline 0.002 -13"><span class='ocrx_word' id='word_1_318' title='bbox 415 2381 550 2417; x_wconf 77' lang='lat' dir='ltr'><strong>Lunae</strong></span> <span class='ocrx_word' id='word_1_319' title='bbox 573 2383 774 2418; x_wconf 84' lang='lat' dir='ltr'><strong>circuitus</strong></span> <span class='ocrx_word' id='word_1_320' title='bbox 796 2388 1024 2423; x_wconf 61' lang='lat' dir='ltr'><strong>contentae,</strong></span> <span class='ocrx_word' id='word_1_321' title='bbox 1046 2381 1321 2420; x_wconf 89' lang='lat' dir='ltr'><strong>solummodo</strong></span> <span class='ocrx_word' id='word_1_322' title='bbox 1343 2390 1601 2430; x_wconf 81' lang='lat' dir='ltr'><strong>competere,</strong></span> <span class='ocrx_word' id='word_1_323' title='bbox 1619 2389 1660 2420; x_wconf 95' lang='lat' dir='ltr'><strong>vt</strong></span> <span class='ocrx_word' id='word_1_324' title='bbox 1677 2383 1732 2421; x_wconf 96' lang='lat' dir='ltr'><strong>ob</strong></span> <span class='ocrx_word' id='word_1_325' title='bbox 1749 2383 1791 2420; x_wconf 91' lang='lat' dir='ltr'><strong>id</strong></span> <span class='ocrx_word' id='word_1_326' title='bbox 1808 2382 1877 2420; x_wconf 89' lang='lat' dir='ltr'><strong>vel</strong></span> <span class='ocrx_word' id='word_1_327' title='bbox 1894 2394 1947 2420; x_wconf 89' lang='lat' dir='ltr'><strong>ex</strong></span> <span class='ocrx_word' id='word_1_328' title='bbox 1963 2381 2060 2430; x_wconf 79' lang='lat' dir='ltr'><strong>ipsis</strong></span> 
     </span>
     <span class='ocr_line' id='line_1_40' title="bbox 414 2434 2060 2483; baseline 0.002 -13"><span class='ocrx_word' id='word_1_329' title='bbox 414 2437 667 2471; x_wconf 80' lang='lat' dir='ltr'><strong>inueteratae</strong></span> <span class='ocrx_word' id='word_1_330' title='bbox 686 2434 974 2481; x_wconf 70' lang='lat' dir='ltr'><strong>Philosophiae</strong></span> <span class='ocrx_word' id='word_1_331' title='bbox 993 2435 1218 2483; x_wconf 87' lang='lat' dir='ltr'><strong>Principijs</strong></span> <span class='ocrx_word' id='word_1_332' title='bbox 1238 2435 1614 2483; x_wconf 87' lang='lat' dir='ltr'><strong>superuacaneum</strong></span> <span class='ocrx_word' id='word_1_333' title='bbox 1636 2436 1849 2483; x_wconf 90' lang='lat' dir='ltr'><strong>nimisque</strong></span> <span class='ocrx_word' id='word_1_334' title='bbox 1871 2435 2060 2474; x_wconf 81' lang='lat' dir='ltr'><strong>insolens</strong></span> 
     </span>
     <span class='ocr_line' id='line_1_41' title="bbox 415 2487 2130 2537; baseline 0.001 -14"><span class='ocrx_word' id='word_1_335' title='bbox 415 2487 547 2524; x_wconf 85' lang='lat' dir='ltr'><strong>videri</strong></span> <span class='ocrx_word' id='word_1_336' title='bbox 562 2489 689 2533; x_wconf 79' lang='lat' dir='ltr'><strong>possit.</strong></span> <span class='ocrx_word' id='word_1_337' title='bbox 703 2487 880 2525; x_wconf 81' lang='lat' dir='ltr'><strong>Stellam</strong></span> <span class='ocrx_word' id='word_1_338' title='bbox 894 2488 1006 2525; x_wconf 86' lang='lat' dir='ltr'><strong>hanc</strong></span> <span class='ocrx_word' id='word_1_339' title='bbox 1018 2489 1126 2526; x_wconf 91' lang='lat' dir='ltr'><strong>vltra</strong></span> <span class='ocrx_word' id='word_1_340' title='bbox 1138 2489 1425 2526; x_wconf 85' lang='lat' dir='ltr'><strong>Elementaris</strong></span> <span class='ocrx_word' id='word_1_341' title='bbox 1437 2490 1639 2537; x_wconf 82' lang='lat' dir='ltr'><strong>Regionis</strong></span> <span class='ocrx_word' id='word_1_342' title='bbox 1651 2490 1809 2527; x_wconf 88' lang='lat' dir='ltr'><strong>limites</strong></span> <span class='ocrx_word' id='word_1_343' title='bbox 1821 2491 1933 2527; x_wconf 85' lang='lat' dir='ltr'><strong>intra</strong></span> <span class='ocrx_word' id='word_1_344' title='bbox 1944 2488 2059 2528; x_wconf 87' lang='lat' dir='ltr'><strong>Coeli</strong></span> <span class='ocrx_word' id='word_1_345' title='bbox 2097 2500 2130 2525; x_wconf 79' lang='lat'><strong>40</strong></span> 
     </span>
    </p>
   </div>
   <div class='ocr_carea' id='block_1_6' title="bbox 1945 2542 2059 2590">
    <p class='ocr_par' dir='ltr' id='par_1_12' title="bbox 1945 2542 2059 2590">
     <span class='ocr_line' id='line_1_42' title="bbox 1945 2542 2059 2590; baseline 0 -10"><span class='ocrx_word' id='word_1_346' title='bbox 1945 2542 2059 2590; x_wconf 86' lang='lat' dir='ltr'><strong>septa</strong></span> 
     </span>
    </p>
   </div>
  </div>
 </body>
</html>
