2164 3246
79 809 109 835 10

78 1076 108 1102 15

57 1337 116 1369 421

75 1609 108 1635 25

75 2142 109 2169 3⁵

383 207 1043 246 PROGYMNASMATUM
1066 209 1375 248 SECUNDA
1397 211 1548 249 PARS
1716 211 1793 249 387

146 328 198 354 ex
215 314 553 362 Complemento
569 314 826 353 Altitudinis
842 317 1050 354 maximae
1067 316 1109 353 P.
1122 317 1158 354 5.
1173 319 1278 354 min.
1291 317 1353 355 50.
1372 317 1658 355 Conueniens
1675 320 1793 356 enim

146 369 212 413 est,
235 368 265 406 fi
287 368 432 407 Stellae
455 367 655 406 Altitudo
678 370 863 407 minima
886 368 965 407 fuit
988 369 1030 407 P.
1054 369 1139 413 272,
1164 369 1404 408 altissimam
1429 371 1616 409 euadere
1640 371 1682 409 P.
1707 371 1792 415 843,

145 422 250 461 Polo
266 424 312 459 in
327 421 425 459 loco
441 422 702 459 intermedio
719 421 761 459 P.
774 423 837 460 55.
856 421 881 469 Ι.
895 422 945 460 58
962 422 1221 461 consistente.
1239 424 1397 471 Neque
1415 426 1532 462 enim
1549 424 1688 468 refert,
1705 424 1792 463 siue

145 475 216 514 hic
226 477 352 519 veris,
368 475 456 513 siue
468 474 564 512 vifis
576 480 750 513 vtamur
760 475 1077 514 Altitudinibus
1090 476 1136 522 (fi
1148 488 1235 523 qua
1247 477 1519 515 intercideret
1530 477 1791 524 differentia)

146 529 228 567 Res
248 531 366 567 enim
387 528 495 567 redit
516 528 685 572 eodem,
707 540 808 566 cum
829 531 875 566 in
893 541 981 567 vno
998 530 1067 567 vel
1088 530 1225 567 altero
1246 531 1382 578 gradu
1404 531 1631 568 discrimen
1648 531 1791 569 Paral-

144 582 307 626 laxeos,
331 581 448 629 quod
471 583 693 629 inquirere
717 582 997 625 intendimus,
1023 584 1326 630 permodicum
1348 583 1404 621 fit.
1433 584 1527 621 Nos
1551 590 1698 622 autem
1721 584 1792 622 hic

144 638 258 674 veris
266 634 583 674 Altitudinibus
595 637 768 679 vtimur,
782 647 835 674 eo
848 636 965 683 quod
978 636 1065 674 111ae
1077 642 1167 674 tam
1178 635 1369 684 respectu
1381 637 1621 684 superficiei
1631 637 1791 681 Terrae,

145 700 280 738 quam
300 688 452 727 Centri
471 690 517 726 in
539 687 710 727 Odtaua
731 689 915 736 Sphaera
935 690 1106 727 nullam
1126 692 1324 737 ingerant
1347 690 1650 728 differentiam.
1676 690 1792 729 Cum

145 745 272 792 igitur
287 744 333 780 in
349 742 506 780 eodem
517 741 758 790 Triangulo
771 741 1049 791 Reetangulo,
1067 743 1200 781 Latus
1215 743 1305 781 NA
1322 743 1367 781 fit
1383 750 1426 781 vt
1442 746 1561 791 prius
1579 744 1791 787 ΙΟΟΟΟΟΟΟ,

144 798 347 845 prouenit
366 796 740 844 perpendicularis
762 796 843 833 RA
865 796 1033 839 1016351,
1055 797 1242 844 ideoque
1263 799 1308 834 in
1324 796 1564 844 Triangulo
1586 797 1717 835 RGA
1739 809 1792 834 ex

145 849 298 888 Latere
315 849 406 888 GA
422 849 586 897 aequali
602 849 696 887 AH
718 851 838 896 prius
854 849 968 893 dato,
991 861 1092 887 cum
1108 850 1239 888 ambo
1256 850 1333 887 fint
1350 862 1403 888 ex
1421 850 1584 888 Centro
1601 850 1791 888 eiusdem

145 902 321 947 Circuli,
337 902 376 941 &
392 902 474 941 RA
490 902 624 941 modo
640 905 836 947 inuento,
853 903 1119 951 Anguloque
1137 904 1192 941 ad
1209 903 1242 941 R
1259 903 1460 941 existente
1478 902 1620 947 Recto,
1637 915 1791 951 proue-

145 958 233 995 niet
248 957 360 1005 Ang.
377 956 523 1000 RGA,
540 956 792 994 Parallaxin
807 956 1021 1004 supremae
1033 956 1287 994 Altitudinis
1303 956 1560 994 mensurans
1578 956 1590 1004 Ι
1596 988 1602 994 .
1616 957 1651 995 6.
1666 956 1709 1003 ΙΙ.
1727 957 1788 995 43.

198 1009 478 1057 Quapropter
497 1009 569 1047 hae
590 1010 690 1048 duae
707 1009 959 1048 Parallaxes
979 1016 1068 1048 tam
1089 1012 1134 1047 in
1155 1012 1301 1048 citima
1322 1022 1455 1057 quam
1472 1013 1667 1048 maxima
1683 1010 1789 1048 Alti-

144 1063 294 1102 tudine
303 1062 386 1102 hac
395 1065 730 1101 ratiocinatione
740 1065 934 1101 inuentae
945 1063 974 1101 fi
984 1065 1175 1101 inuicem
1185 1063 1477 1107 conferantur,
1491 1064 1662 1110 patebit.
1674 1064 1791 1110 quod

144 1118 190 1155 in
209 1116 419 1165 superiori
439 1116 518 1155 fitu
539 1122 740 1155 cernetur
760 1116 893 1155 Stella
914 1117 1048 1155 Noua
1065 1128 1118 1154 ex
1134 1117 1177 1154 N
1194 1128 1270 1163 per
1287 1117 1329 1155 G
1346 1118 1391 1154 in
1411 1116 1447 1166 β,
1469 1128 1569 1154 cum
1591 1128 1746 1154 reuera
1767 1129 1792 1155 a

145 1169 309 1209 Centro
329 1169 477 1209 Terrae
498 1171 539 1208 Α
559 1182 636 1218 per
658 1169 700 1209 G
722 1169 850 1208 ducta
872 1170 990 1208 linea
1010 1172 1055 1208 in
1074 1184 1100 1219 η
1121 1170 1258 1208 cadat.
1280 1170 1362 1208 Pro
1384 1172 1624 1217 quantitate
1646 1172 1792 1217 itaque

144 1223 308 1272 Anguli
322 1237 350 1273 η
360 1222 437 1273 Gss
454 1223 617 1271 aequali
629 1224 672 1261 N
681 1223 772 1262 GA
784 1224 1003 1262 Parallaxi
1015 1223 1228 1270 supremae
1241 1223 1507 1266 Altitudinis.
1525 1223 1702 1261 distabat
1719 1223 1793 1261 illa

144 1277 198 1316 ab
219 1276 260 1322 S,
280 1276 368 1315 flue
388 1276 476 1315 illic
495 1277 641 1325 Caput
658 1276 909 1324 Cassiopeae,
930 1277 1018 1315 flue
1036 1276 1270 1315 Cathedrae
1292 1277 1496 1314 Lucidior
1516 1276 1791 1324 intelligatur.

145 1329 183 1369 81
202 1327 218 1381 ΙΙ
237 1331 498 1369 tantundem
520 1332 702 1378 propius
725 1330 1027 1378 applicabatur
1050 1330 1195 1368 Stellae
1216 1330 1372 1374 Polari,
1397 1330 1451 1368 ad
1473 1343 1496 1378 ρ
1518 1332 1649 1368 etiam
1672 1332 1792 1368 iuxta

144 1383 446 1423 Meridianum
462 1384 660 1423 versanti.

196 1438 254 1476 At
270 1443 433 1482 contra,
450 1440 496 1475 in
513 1438 740 1476 decliuiori
753 1437 992 1475 Meridiani
1009 1436 1158 1484 positu,
1176 1436 1309 1475 Stella
1321 1436 1514 1479 existens,
1531 1438 1576 1474 in
1589 1436 1633 1473 H
1647 1448 1791 1474 cerne-

143 1496 212 1529 tur
222 1491 340 1539 apud
353 1490 389 1536 δ,
407 1503 508 1529 cum
525 1502 578 1529 ex
590 1492 630 1529 A
643 1490 808 1530 Centro
820 1490 968 1529 Terrae
985 1491 1140 1528 eadem
1156 1489 1264 1528 foret
1281 1492 1403 1528 iuxta
1414 1490 1459 1527 Z.
1478 1489 1634 1536 Sicque
1652 1490 1791 1527 diuer-

144 1543 252 1590 titas,
269 1556 358 1592 qua
373 1544 460 1583 illic
471 1546 498 1582 a
510 1544 652 1583 Stellis
669 1550 934 1587 remouetur‚
953 1544 1007 1582 est
1023 1544 1262 1581 secundum
1274 1543 1500 1591 Angulum
1512 1543 1599 1580 ZH
1609 1541 1632 1581 ὃ
1645 1554 1791 1589 aequa-

144 1597 232 1636 lem
247 1598 406 1642 NHA,
423 1610 556 1646 quem
573 1598 833 1636 metiebatur
850 1600 992 1645 primo
1008 1596 1210 1644 inquisita
1226 1597 1466 1634 Parallaxis
1484 1595 1509 1642 Ι.
1527 1596 1588 1634 58.
1608 1594 1650 1643 ΙΙ.
1668 1596 1721 1633 31.

196 1650 390 1690 Tantum
405 1654 534 1700 igitur
550 1663 668 1689 nunc
685 1651 818 1690 Stella
834 1653 1014 1698 propius
1031 1652 1355 1697 appropinquat
1372 1649 1529 1697 Capiti,
1547 1649 1616 1687 vel
1633 1648 1791 1686 Cathe-

144 1704 234 1743 drae
261 1704 498 1753 Cassiopeae
523 1706 646 1743 iuxta
670 1705 708 1742 V
733 1704 847 1742 infra
872 1704 986 1742 hanc
1012 1703 1209 1747 versanti,
1241 1715 1341 1741 cum
1366 1704 1495 1741 antea
1521 1704 1566 1740 in
1591 1702 1791 1749 supremo

144 1757 294 1806 pontu,
315 1770 395 1807 pro
412 1770 465 1797 ea
481 1770 581 1806 quae
598 1765 701 1797 tunc
722 1758 1023 1796 insinuabatur
1039 1757 1319 1795 Parallaxeos
1336 1758 1575 1803 quantitate
1592 1756 1646 1793 ab
1664 1767 1715 1793 ea
1732 1756 1791 1793 di·

145 1811 430 1860 grediebatur.
457 1810 708 1851 Coniuncta
730 1814 877 1858 itaque
901 1817 1082 1858 vtraque
1106 1810 1336 1851 Parallaxi,
1360 1816 1449 1847 tam
1473 1821 1524 1847 ea
1548 1820 1647 1855 quae
1671 1811 1792 1846 iuxta

145 1867 351 1904 verticem
362 1865 505 1909 fiebat,
518 1877 619 1913 quae
632 1871 723 1903 erat
737 1864 748 1912 Ι
755 1895 762 1902 .
775 1865 810 1903 6.
826 1863 837 1912 Ι
844 1863 868 1912 Ι.
882 1864 944 1907 43.
958 1875 1092 1911 quam
1103 1863 1250 1901 versus
1262 1863 1553 1900 Horizontem
1568 1861 1579 1908 Ι
1585 1893 1592 1899 .
1606 1861 1667 1900 58.
1683 1860 1725 1908 ΙΙ.
1739 1861 1792 1903 31,

146 1920 224 1957 erit
239 1918 410 1957 summa
423 1921 556 1957 totius
572 1919 615 1957 P.
633 1919 659 1956 l.
679 1917 704 1966 Ι.
721 1920 757 1956 5.
777 1916 820 1965 ΙΙ.
838 1919 891 1955 14.
914 1918 963 1955 In
978 1924 1149 1955 tantum
1170 1918 1380 1964 proxime,
1402 1917 1604 1958 asseuerQ
1626 1921 1794 1952 mutata

145 1970 290 2017 fuisset,
309 1971 454 2011 Stellae
471 1972 618 2010 Nouae
635 1971 928 2018 intercapedo,
951 1982 1086 2018 quam
1102 1970 1254 2008 habuit
1271 1971 1297 2006 a
1314 1969 1468 2016 Capite
1486 1968 1554 2006 vel
1572 1967 1793 2006 Cathedra

146 2024 383 2073 Cassiopeae
405 2027 452 2064 in
474 2031 658 2073 vtroque
683 2027 776 2063 eius
799 2024 877 2062 fitu
900 2035 1034 2072 prope
1057 2023 1358 2061 Meridianum
1381 2022 1508 2069 supra
1529 2027 1658 2068 atque
1680 2020 1792 2058 infra

146 2077 314 2123 Polum,
335 2078 365 2117 fi
384 2079 460 2117 illa
480 2091 572 2117 non
593 2079 766 2126 longius
782 2090 809 2116 a
824 2078 969 2115 Terris
986 2077 1192 2119 distitisset,
1215 2087 1349 2123 quam
1369 2075 1523 2112 infima
1541 2076 1793 2112 concauitas

145 2131 341 2180 Sphaerae
358 2132 545 2171 Lunaris
561 2144 638 2180 per
654 2131 815 2170 FGHI
833 2130 1139 2178 repraesentata
1155 2131 1284 2177 exigit
1306 2128 1455 2175 (modo
1477 2127 1650 2175 praecise
1670 2127 1793 2164 simul

145 2184 447 2224 Meridianum
463 2186 745 2233 occupassent,
763 2185 815 2222 de
831 2183 1076 2222 differentia
1087 2182 1379 2220 intercedente
1392 2181 1535 2229 postea
1548 2180 1707 2225 dicam)
1725 2179 1792 2218 Sic

145 2249 322 2286 quoque
345 2239 493 2286 quoad
516 2239 696 2277 Stellam
720 2238 921 2276 Polarem
947 2239 992 2274 in
1017 2236 1236 2283 superiore
1262 2235 1340 2273 situ
1363 2237 1543 2282 propius
1566 2234 1792 2275 accessisset,

145 2294 386 2339 quantitate
402 2293 514 2340 Ang.
531 2306 558 2342 η
569 2292 611 2331 G
622 2291 658 2341 β.
681 2291 880 2329 Inferiori
897 2302 1001 2328 vero
1023 2290 1196 2337 longius
1212 2289 1266 2327 ab
1283 2300 1335 2326 ea
1353 2288 1561 2325 recessisset
1582 2298 1658 2334 per
1674 2298 1793 2324 men-

144 2343 289 2384 suram
304 2346 417 2394 Ang.
434 2344 567 2384 ΖΙ-Ιὸ.
590 2345 702 2393 Ergo
719 2356 819 2382 cum
839 2343 910 2381 hic
926 2346 1030 2380 min.
1049 2343 1110 2381 58.
1131 2341 1141 2388 Ι
1148 2341 1159 2388 Ι
1166 2373 1172 2379 .
1191 2342 1231 2380 31
1253 2342 1350 2389 plus
1372 2347 1684 2381 remoueretur.
1708 2339 1793 2376 illic

144 2409 249 2436 vero
266 2396 292 2446 Ι.
309 2398 345 2437 6.
364 2397 407 2446 ΙΙ.
425 2398 475 2437 43
491 2401 672 2446 propius
688 2398 924 2439 accederet,
946 2398 1175 2444 proueniet
1192 2395 1262 2433 hic
1280 2405 1456 2442 quoque
1473 2393 1717 2431 differentia
1734 2393 1792 2430 di-

144 2450 308 2490 stantiae
324 2451 551 2499 supremae,
571 2463 671 2499 quae
689 2450 1021 2498 repraesentatur
1037 2461 1113 2496 per
1132 2448 1201 2498 βρ,
1220 2448 1257 2486 8(
1274 2447 1439 2486 infimae
1457 2448 1482 2484 a
1499 2447 1562 2495 Ζγ
1579 2446 1792 2485 indicatae.

145 2510 188 2542 vt
200 2503 238 2542 &
249 2503 344 2543 haec
356 2517 448 2543 non
459 2507 607 2543 minus
620 2516 755 2552 quam
767 2505 897 2542 antea
910 2503 1069 2541 euadat
1081 2508 1188 2550 part.
1202 2503 1227 2539 1.
1243 2500 1267 2548 Ι.
1281 2502 1339 2543 51,
1357 2507 1487 2547 atque
1505 2499 1792 2588 talemsdiuer·

251 2566 302 2591 49·
1645 2558 1792 2588 itatem
