2243 3225
401 200 477 237 308
775 187 1227 229 ASTRONOMIAE
1249 182 1671 223 INSTAURATAE

403 316 500 341 cum
517 298 756 348 supradicto
769 298 852 335 Die
869 295 1003 343 paulo
1019 299 1119 332 ante
1133 293 1336 335 Coenam,
1352 293 1399 328 in
1414 290 1598 328 domum
1613 288 1748 332 illam,
1766 288 1914 335 Opera
1927 287 2042 336 Chy—

401 359 514 394 mica
534 352 785 400 inspiciendi
806 348 1126 393 ordinandique
1147 347 1283 393 gratia
1305 344 1441 391 (quod
1461 343 1571 381 alias
1591 342 1657 380 bis
1676 341 1746 379 vel
1765 347 1829 379 ter
1849 340 2043 388 quotidie

402 406 630 451 faciebam)
652 416 721 442 me
743 402 1019 443 contulissem‚
1041 399 1239 437 redeunti
1261 397 1299 434 &
1319 399 1431 434 inter
1452 395 1773 434 ambulandum
1797 394 1906 441 (erat
1926 395 2045 432 enim

402 462 495 498 haec
509 461 677 500 domus,
691 459 716 494 a
729 455 932 501 Coenobij
947 454 1084 491 Portis
1096 450 1424 498 aliquantulum
1435 448 1621 495 remota)
1637 447 1853 486 hincinde
1866 446 2046 486 Coelum

403 512 724 558 contemplanti.
748 508 958 555 fiquidem
980 506 1170 543 serenior
1191 515 1300 541 aura
1322 501 1713 541 obseruationibus
1733 500 2046 539 Astronomicis

402 567 489 613 post
502 566 691 603 Coenam
708 560 1016 600 continuandis
1032 570 1085 596 ex
1096 563 1199 595 voto
1215 556 1417 604 sponderi
1428 555 1673 599 videbatur;
1690 554 1800 592 Ecce
1816 555 1939 592 iuxta
1953 564 2046 592 ver-

402 622 528 657 ticem
545 619 747 664 capitum,
765 614 954 652 insolens
971 611 1194 659 quoddam
1211 609 1352 653 Sidus,
1374 609 1564 647 radianti
1579 607 1747 655 fulgore
1763 603 1971 657 Lu-Hmen
1986 607 2046 644 vi-

402 674 539 714 brare,
557 669 789 715 oculosque
806 666 1052 715 percellere,
1070 675 1123 702 ex
1137 662 1374 710 improuiso
1386 660 1667 709 spectabatur.
1684 659 2048 698 Admirabundus

404 725 440 762 &
457 724 575 771 quasl
592 724 798 761 attonitus
814 716 1194 766 obstupescensque
1211 714 1502 759 consistebam,
1519 714 1782 761 Astrumque
1795 713 1880 751 hoc
1894 712 2049 751 defixis

402 780 446 815 in
459 777 564 815 illud
577 779 739 813 intente
752 773 901 816 oculis,
918 770 1178 818 aliquandiu
1189 770 1385 812 intuitus,
1402 768 1607 815 idemque
1619 769 1742 805 iuxta
1753 766 1921 810 Stellas,
1938 776 2048 813 quas

404 831 640 876 Cassiopeae
652 826 881 865 Asterismo
893 824 1090 862 Vetustas
1106 821 1366 861 attribuebat
1382 821 1658 864 collocatum,
1676 819 2048 862 animaduertens,

403 884 473 921 vbi
494 882 663 920 nullam
684 878 945 918 eiuscemodi
961 887 1158 924 vnquam
1179 881 1310 913 antea
1331 874 1522 912 effulfisse
1538 873 1720 912 Stellam
1738 873 1838 912 satis
1853 883 2048 920 comper-

405 943 497 974 tum
522 935 751 976 habebam,
783 932 904 978 (Inde
931 932 1049 968 enim
1073 941 1099 967 a
1123 930 1311 976 pueritia
1335 927 1571 966 Stellarum
1595 928 1809 971 omnium,
1835 930 2050 974 quotquot

406 989 541 1027 oculis
566 994 655 1025 toto
682 986 810 1024 Coelo
836 984 1010 1023 discrete
1036 987 1196 1030 patent,
1222 983 1378 1019 notitia
1402 980 1512 1018 mihi
1536 980 1798 1018 iamdudum
1821 978 2050 1018 familiaris

406 1042 511 1088 erat)
529 1044 573 1078 in
589 1045 768 1081 tantam,
790 1040 851 1076 rei
867 1036 1210 1079 incredibilitate,
1231 1035 1325 1072 sum
1340 1032 1574 1081 perductus
1589 1033 1921 1077 haefitationem,
1936 1037 1981 1070 vt
1997 1031 2050 1070 de

405 1096 489 1133 fide
509 1095 694 1142 proprijs
715 1092 852 1130 oculis
873 1089 1124 1128 adhibenda
1140 1089 1338 1126 dubitare
1354 1099 1446 1125 non
1461 1087 1683 1134 puduerit;
1706 1085 1958 1125 Conuersus
1973 1087 2050 1124 ita-

406 1160 489 1196 que
511 1148 565 1185 ad
587 1148 842 1184 comitantes
862 1143 1065 1186 famulos,
1086 1141 1324 1180 sciscitabar
1341 1152 1428 1185 θος,
1450 1152 1509 1179 an
1526 1140 1564 1178 ἃ
1579 1140 1642 1178 illi
1658 1139 1839 1178 Stellam
1854 1139 2052 1186 aliquam

406 1200 719 1249 praefulgidam.
737 1198 833 1236 loco
850 1200 971 1235 iuxta
982 1196 1199 1233 Verticem
1210 1194 1460 1237 monstrato,
1477 1198 1720 1237 cernerent;
1737 1192 1804 1231 Illi
1814 1192 1953 1230 statim
1962 1202 2052 1230 vno

407 1266 480 1293 ore
498 1252 824 1300 respondebant,
841 1251 881 1288 se
899 1251 1082 1288 omnino
1098 1248 1221 1286 illam
1234 1248 1382 1286 videre
1399 1247 1437 1285 &
1452 1246 1721 1294 praelunrem
1738 1246 1827 1284 esse.
1844 1245 1929 1284 Sed
1945 1244 1984 1284 81
1999 1245 2052 1284 de

407 1309 565 1345 horum
586 1305 887 1353 astipulatione
908 1303 1052 1342 adhuc
1073 1313 1163 1350 prae
1185 1303 1247 1339 rei
1268 1303 1464 1339 nouitate
1487 1300 1726 1348 ambigens,
1747 1311 1775 1338 a
1794 1298 2054 1347 quibusdam

407 1362 513 1399 forte
531 1360 685 1397 eodem
701 1358 918 1405 Tempore
935 1356 1132 1394 curribus
1147 1353 1399 1393 transuectis
1416 1353 1605 1397 Runicis,
1627 1365 1685 1392 an
1701 1353 1882 1400 aliquod
1898 1354 1945 1390 in
1959 1351 2053 1390 sub-

407 1415 498 1452 limi
520 1412 812 1459 conspicerent
833 1410 972 1453 Sidus,
998 1408 1298 1457 percontabar.
1325 1408 1388 1445 Hi
1408 1419 1513 1445 vero
1533 1407 1574 1445 se
1599 1408 1820 1455 ingentem
1842 1405 1929 1444 illic
1949 1404 2054 1444 Stel-

408 1468 507 1509 lam,
530 1472 659 1504 antea
679 1470 768 1503 tarn
789 1464 873 1502 alte
895 1473 1127 1510 nunquam
1148 1460 1515 1504 animaduersam,
1537 1471 1714 1498 cernere
1736 1459 2054 1498 exclamabant.

407 1520 692 1566 Tandemque
709 1518 847 1555 visum
868 1528 960 1554 non
980 1516 1084 1559 falli,
1105 1515 1176 1553 sed
1196 1526 1354 1553 reuera
1373 1514 1460 1552 illic
1481 1513 1698 1552 insuetum
1717 1518 1864 1551 extare
1880 1511 2055 1550 Astrum

409 1573 702 1614 confirmatus,
716 1571 753 1608 &
765 1571 892 1618 supra
904 1580 1083 1607 omnem
1094 1569 1291 1612 modum,
1302 1568 1482 1606 Coelum
1491 1578 1663 1605 nouum
1672 1566 1853 1614 aliquod
1862 1565 2055 1604 acciuisse

409 1627 753 1667 Phaenomenon,
771 1624 949 1671 reliquis
966 1622 1107 1661 Stellis
1124 1621 1506 1669 aequiparandum,
1527 1622 1723 1663 miratus,
1745 1618 1967 1658 confestim
1983 1618 2055 1657 ad-

410 1686 556 1726 aptato
580 1678 878 1721 InstrumentQ
904 1678 997 1714 eius
1023 1676 1147 1713 situm
1173 1681 1303 1722 atque
1329 1674 1574 1713 distantiam
1595 1685 1622 1712 a
1641 1675 1796 1711 vicinis
1819 1672 2057 1720 Cassiopeae

412 1733 550 1770 Stellis
574 1733 783 1774 demetiri,
807 1730 1016 1778 aggressus
1038 1729 1144 1772 sum,
1169 1739 1309 1776 eaque
1331 1739 1432 1775 quae
1454 1730 1567 1766 circa
1588 1726 1945 1774 Magnitudinem
1964 1724 2057 1764 vifi-

411 1786 553 1827 bilem,
572 1785 788 1826 Formam,
807 1784 1015 1822 Colorem
1032 1782 1294 1829 caeterasque
1311 1781 1591 1820 habitudines
1608 1780 1747 1818 oculis
1762 1779 1981 1828 patebant,
1997 1778 2057 1817 di-

412 1839 612 1885 ligentius
629 1838 848 1875 denotare.

466 1892 654 1929 Durauit
671 1897 817 1928 autem
835 1890 929 1927 haec
947 1889 1079 1928 Stella
1094 1900 1171 1936 per
1186 1894 1326 1926 totum
1342 1889 1527 1926 Annum
1545 1887 1810 1935 sequentem,
1829 1885 1868 1924 &
1885 1885 2059 1934 insuper

413 1945 542 2035 {sque
559 1947 607 2046 Ιῖῃ
630 1946 889 1991 principium
908 1943 1032 1981 Veris
1048 1943 1169 1980 Anni
1189 1942 1295 1984 1574.
1317 1942 1497 1989 quando
1514 1940 1667 1979 Mense
1686 1940 1852 1979 Martio
1872 1938 2059 1987 conspici

444 2010 464 2035 e
484 2004 541 2044 ljt.

2088 778 2118 804 10

2090 1044 2119 1070 15

2093 1841 2126 1869 ,Ὤ

468 2051 662 2088 Constitit
679 2062 782 2087 vero
804 2056 1027 2097 perpetuo,
1049 2051 1093 2086 in
1110 2060 1198 2086 vno
1215 2049 1460 2096 eodemque
1477 2047 1594 2086 Coeli
1614 2047 1713 2086 loco
1733 2049 1929 2090 immota,
1950 2044 2061 2084 nihil
2083 2049 2145 2083 300

416 2106 458 2140 in
477 2104 588 2141 hanc
606 2103 673 2140 vel
690 2103 809 2140 illam
827 2110 1006 2150 partem,
1024 2103 1141 2149 quod
1154 2102 1251 2139 vllis
1265 2101 1453 2140 sensibus
1465 2101 1654 2149 dignosci
1666 2106 1847 2149 poterat,
1863 2109 2061 2147 vnquam

416 2157 669 2203 digrediens,
694 2156 761 2193 sed
787 2157 972 2193 eandem
996 2155 1161 2202 semper
1184 2156 1239 2193 ad
1262 2157 1429 2194 vicinas
1453 2155 1691 2202 Cassiopeae
1714 2153 1869 2192 Stellas
1891 2151 2059 2201 disposi-

416 2212 590 2250 tionem,
609 2209 882 2246 conseruans.

471 2263 626 2299 Forma
644 2263 743 2299 huic
761 2262 904 2299 Stellae
922 2262 999 2299 fuit
1017 2262 1205 2299 rotunda
1221 2261 1405 2309 prorsus,
1426 2273 1452 2300 a
1471 2261 1650 2309 reliquis
1667 2260 1784 2299 Coeli
1800 2259 2061 2298 Luminibus

418 2327 506 2351 non
531 2315 685 2361 dispar:
711 2316 891 2352 Nullam
916 2318 1032 2352 enim
1057 2315 1243 2352 caudam
1267 2321 1342 2353 aut
1366 2317 1506 2352 crines
1529 2315 1616 2352 siue
1639 2316 1684 2352 in
1707 2325 1842 2352 vnam
1865 2313 2061 2360 aliquam

419 2375 595 2414 partem.
615 2368 698 2404 stuc
717 2370 878 2405 circum
896 2370 1007 2405 circa
1025 2368 1335 2410 eiaculabatur.
1353 2370 1411 2406 vti
1429 2371 1473 2406 in
1487 2367 1682 2406 Cometis
1698 2367 1794 2405 fieri
1808 2366 2062 2404 consuetum

419 2421 484 2460 cst.
504 2421 569 2457 scd
589 2421 714 2457 instar
730 2422 996 2467 reliquarum
1010 2421 1254 2462 Stellarum,
1273 2422 1417 2459 radios
1431 2433 1452 2459 e
1466 2421 1663 2468 Corpore
1677 2420 1766 2468 ipso
1778 2420 2061 2467 vndiquaque

418 2474 700 2514 coruscantes,
723 2481 847 2519 prout
866 2476 908 2510 in
927 2475 1165 2511 maioribus
1182 2474 1323 2512 Stellis
1341 2474 1415 2511 vsu
1432 2477 1562 2516 venit,
1584 2474 1818 2515 emittebat,
1839 2473 1970 2520 idque
1988 2471 2061 2510 ad·

1879 2525 2062 2564 modum

2096 2109 2128 2136 35

2097 2375 2130 2401 ⁴0
