2243 3225
416 206 492 245 362
788 200 1242 241 ASTRONOMIAE
1263 197 1686 237 INSTAURATAE

783 309 808 345 a
825 308 989 345 Lucida
1006 307 1240 345 Cathedrae
1256 304 1514 347 manifestam
1533 304 1739 351 Cumque
1755 304 1872 341 illius
1888 304 2057 342 Ascens.

783 358 912 398 Rec'ta
927 360 973 398 fit
989 365 1096 407 part.
1114 359 1202 397 356.
1222 357 1234 406 Ι
1240 389 1246 395 .
1264 358 1349 402 43ὲ,
1371 357 1519 395 addita
1538 356 1622 395 hac
1638 356 1883 395 differentia
1898 357 2057 395 Ascen-

781 413 945 457 fionali,
969 412 1155 460 prodibit
1178 410 1380 449 Ascenfio
1404 408 1534 448 Red‘ta
1557 410 1704 448 Nouae
1727 409 1873 448 Steuae
1896 416 2003 458 part.
2020 410 2056 449 O.

835 519 918 557 Sed
939 519 977 557 &
997 519 1114 556 idem
1134 516 1353 555 viceversa
1374 519 1420 554 in
1443 516 1581 554 altero
1602 516 1842 564 Triangulo
1865 519 2057 564 experie-
2096 530 2112 555 5

780 584 891 616 mur,
907 572 978 610 vbi
995 572 1128 609 Latus
1145 571 1230 609 CA
1246 575 1395 608 manet
1410 575 1454 607 vt
1469 572 1602 617 prius,
1623 569 1714 607 AD
1730 581 1835 608 vero
1853 569 2057 618 Comple-

780 631 978 663 mentum
995 624 1314 662 Declinationis
1331 625 1513 661 extremi
1528 623 1663 670 pedis,
1681 622 1736 661 est
1751 629 1858 670 part.
1873 623 1936 661 24.
1955 621 1980 671 Ι.
1993 623 2056 662 37.

781 678 868 716 DC
889 675 1123 728 di-Hstantia
1143 677 1290 715 Nouae
1312 676 1350 714 8(
1370 676 1516 721 huius,
1537 682 1644 724 part.
1662 676 1715 714 12.
1734 675 1760 724 l.
1777 676 1862 716 58³2.
1885 676 1997 725 Ergo
2019 676 2058 714 8(
2081 682 2146 715 382

780 732 850 769 hic
868 732 1071 769 extribus
1088 731 1198 769 datis
1214 729 1441 768 Lateribus
1462 741 1553 768 non
1569 729 1839 778 ignorabitur
1854 729 2058 778 Angulus

683 801 730 841 D
780 784 914 822 CAD
931 790 1037 832 part.
1050 784 1112 822 28.
1127 782 1152 832 Ι.
1166 784 1207 822 19
1218 785 1431 831 proxime,
1449 795 1537 831 quo
1549 783 1716 821 sublato
1728 783 1783 821 ab
1794 782 2056 822 Ascenfione
2098 795 2129 820 10

780 836 909 876 Recta
935 840 1040 882 eius,
1071 837 1265 876 Stellulae
1292 839 1337 874 in
1363 837 1644 875 Extremitate
1673 837 1808 884 pedis,
1839 847 1939 884 quae
1965 842 2057 875 erat

465 900 505 942 Β
778 897 885 938 part.
902 891 965 929 28.
988 889 1014 938 Ι.
1031 891 1116 934 453»,
1137 890 1325 938 prodibit
1345 889 1515 928 Ascens.
1538 889 1649 929 Rect.
1671 890 1756 928 hoc
1775 890 1886 934 loco,
1908 889 2056 928 Nouae

778 944 923 982 Stellae
935 950 1042 991 part.
1052 944 1088 982 O.
1101 942 1113 991 Ι
1119 974 1126 982 .
1137 944 1222 988 26ὲ,
1236 955 1337 991 quae
1349 943 1521 991 superat
1531 945 1724 991 priorem
1732 945 1861 981 vnico
1870 945 2055 981 minuto.

777 997 1047 1045 Accipiendo
1067 999 1215 1044 itaque
1233 997 1302 1035 his
1317 997 1640 1041 intermedium,
1657 998 1802 1035 verior
1818 996 1856 1034 8(
1871 996 2056 1035 limitata

777 1050 978 1089 Ascenfio
1000 1049 1130 1089 Recta
1150 1051 1307 1089 euadet
1328 1056 1435 1098 part.
1457 1050 1493 1088 Ο.
1514 1052 1668 1089 minut.
1690 1050 1741 1088 26
1761 1049 1860 1089 satis
1879 1049 2054 1098 praecise
2096 1061 2126 1087 15

777 1104 1014 1142 constituta.

830 1157 894 1195 Ex
910 1157 1011 1196 data
1027 1169 1145 1195 nunc
1162 1157 1470 1195 Declinatione
1487 1163 1618 1205 atque
1634 1156 1896 1195 Ascenfione
1912 1155 2054 1202 Recta,

777 1211 1115 1259 Longitudinem
1136 1210 1174 1248 &
1195 1211 1492 1249 Latitudinem
1515 1222 1721 1249 eruemus
1743 1212 1866 1249 iuxta
1888 1209 2053 1258 appofi-

774 1270 865 1302 tarn
886 1264 1225 1312 Figurationem‚
1245 1265 1317 1302 vbi
1336 1265 1377 1302 A
1393 1264 1550 1302 Polum
1570 1264 1837 1312 AEquatoris,
1858 1263 1893 1302 B
1914 1263 2053 1312 Eclip—

775 1320 870 1356 ticae
887 1317 1181 1365 repraesentat;
1204 1317 1474 1356 Semicirculi
1494 1317 1597 1356 hinc
1618 1315 1802 1362 deducti,
1822 1328 1900 1365 per
1919 1316 1960 1355 se
1978 1328 2053 1365 pa·
2091 1328 2125 1354 20

774 1376 874 1409 tent.
897 1371 934 1409 C
955 1371 1001 1409 fit
1017 1371 1152 1409 Noua
1168 1370 1314 1415 Stella,
1335 1382 1412 1419 per
1433 1382 1568 1419 quam
1589 1371 1644 1409 ad
1662 1376 1881 1418 vtrunque
1897 1370 2054 1409 Polum

774 1425 990 1462 ducantur
1011 1424 1290 1472 quadrantes,
1311 1430 1355 1462 vt
1375 1427 1421 1462 in
1440 1424 1531 1472 ipsa
1551 1424 1710 1473 Figura
1729 1424 1876 1472 liquet.
1899 1424 1988 1462 Erit
2008 1426 2054 1462 in

396 1493 442 1536 E
513 1506 551 1544 F
690 1498 734 1537 G
773 1477 1013 1526 Triangulo
1025 1478 1154 1517 ABC
1169 1489 1222 1516 ex
1234 1478 1317 1516 ΒΑ
1334 1478 1532 1516 distantia
1548 1478 1758 1516 Polorum
1773 1479 1896 1516 iuxta
1911 1477 2053 1516 nostra

774 1534 957 1569 inuenta
976 1537 1083 1579 part.
1100 1531 1163 1569 23.
1187 1530 1212 1579 Ι.
1230 1531 1306 1571 31ὲ.
1331 1531 1416 1570 CA
1438 1531 1827 1580 Complementum
1848 1530 2052 1570 Declina—

403 1586 533 1622 tionis
554 1584 700 1623 Nouae
721 1585 866 1623 Stellae
887 1591 993 1633 part.
1011 1585 1073 1623 28.
1095 1583 1120 1633 Ι.
1138 1585 1192 1629 13,
1214 1584 1252 1622 8(
1272 1585 1476 1633 Angulus
1497 1585 1625 1623 BAC
1645 1591 1752 1633 part.
1770 1584 1832 1623 90.
1851 1582 1877 1633 Ι.
1894 1584 1957 1629 26,
1978 1584 2052 1622 ad·
2090 1596 2124 1622 25

404 1638 491 1675 dita
507 1638 704 1676 videlicet
715 1638 976 1676 Ascenfione
993 1637 1122 1677 Recta
1139 1639 1194 1677 ad
1211 1639 1514 1686 quadrantem,
1531 1645 1575 1676 vt
1591 1650 1617 1677 a
1632 1638 1821 1686 Tropico
1837 1637 2052 1687 Hyberno

404 1691 639 1735 deriuetur;
657 1694 887 1739 proueniet
903 1694 1050 1739 itaque
1063 1703 1116 1730 ex
1128 1691 1196 1730 his
1208 1692 1381 1730 duobus
1393 1692 1621 1730 Lateribus
1633 1703 1734 1730 cum
1746 1691 1924 1739 Angulo
1936 1703 2052 1730 com-

403 1744 630 1791 praehenso
654 1745 776 1790 datis,
800 1746 933 1783 Latus
957 1745 1049 1789 BC,
1073 1745 1115 1783 P.
1140 1745 1202 1784 36.
1228 1744 1253 1793 Ι.
1278 1746 1354 1790 14⁷3,
1379 1746 1769 1793 Complementum
1791 1745 2052 1784 Latitudinis

405 1798 549 1835 Nouae
562 1798 705 1836 Stellae
722 1799 933 1842 indicans,
951 1798 988 1836 8(
1005 1799 1059 1837 ob
1076 1799 1119 1836 id
1132 1810 1309 1846 quoque
1323 1810 1345 1837 e
1357 1799 1493 1837 tribus
1504 1801 1595 1837 iam
1606 1801 1733 1843 notis,
1750 1798 1910 1847 Angul.
1922 1798 2051 1837 ΑΒΕ

404 1851 607 1889 constabit
624 1852 665 1890 P.
684 1852 745 1890 53.
765 1851 777 1900 Ι
783 1883 790 1890 .
808 1853 831 1890 6
847 1854 1059 1899 proxime,
1079 1854 1154 1900 qui
1170 1852 1416 1891 distantiam
1432 1853 1580 1891 Nouae
1596 1864 1623 1891 a
1639 1852 1827 1900 Tropico
1844 1857 1885 1893 63>
1901 1851 2052 1900 suppe-
2090 1863 2124 1889 30

404 1904 519 1942 ditat.
546 1905 725 1943 Sublato
750 1908 897 1953 itaque
923 1905 1006 1943 hoc
1032 1918 1058 1944 a
1083 1906 1278 1953 partibus
1302 1906 1365 1949 90,
1392 1908 1636 1944 remotione
1659 1905 1858 1944 videlicet
1881 1904 2050 1954 Solstitij

402 1957 552 1995 AEstiui
577 1959 630 1996 ab
651 1958 933 2006 AEquinofflo
954 1959 1115 2003 Verno,
1138 1960 1326 2007 prodibit
1349 1959 1494 1998 Stellae
1516 1960 1663 1998 Nouae
1687 1960 1712 1997 a
1735 1957 1897 2007 puncto
1917 1958 2052 1997 Verni

657 2036 694 2072 Α
960 2012 1227 2061 AEquinod‘tij
1247 2013 1467 2061 elongatio
1484 2020 1590 2061 part.
1604 2013 1666 2051 36.
1686 2011 1711 2060 Ι.
1724 2013 1787 2051 54.
1800 2012 1959 2058 Jncidit
1975 2014 2051 2050 ita-

527 2068 556 2098 Β
961 2078 1045 2113 que
1063 2066 1308 2114 Longitudo
1326 2069 1419 2105 eius
1436 2069 1481 2105 in
1497 2067 1540 2105 P.
1557 2067 1593 2105 6.
1612 2065 1638 2114 Ι.
1655 2067 1705 2105 54
1727 2069 1785 2110 ὅ.
1803 2065 2051 2104 Latitudine

554 2080 831 2241 1,
850 2143 883 2181 F
961 2131 1012 2157 ex
1033 2119 1372 2167 Complemento
1393 2117 1408 2170 ΙΙ
1429 2123 1549 2168 prius
1570 2119 1823 2168 conquisito,
1847 2121 2051 2168 proueni-
2076 2124 2140 2157 383

502 316 553 361 5>

960 2179 1057 2210 ente
1079 2173 1121 2211 P.
1141 2173 1203 2212 53.
1228 2172 1252 2221 Ι.
1272 2175 1357 2212 45ὲ.
1382 2174 1514 2221 Quod
1536 2174 1618 2212 hac
1640 2184 1817 2221 quoque
1838 2172 2052 2221 postrema

960 2228 1128 2264 ratione
1145 2228 1459 2274 inquirendum
1475 2228 1678 2265 diximus.

892 2270 921 2313 Κ
1012 2279 1130 2318 Patet
1144 2280 1303 2318 idcirco
1316 2282 1433 2328 quod
1447 2281 1693 2329 Longitudo
1704 2279 1742 2318 8(
1752 2280 1956 2318 Latitudo
1967 2279 2051 2318 hoc

960 2332 1153 2379 Septimo
1177 2335 1310 2371 modo
1334 2346 1410 2382 per
1433 2334 1701 2372 differentias
1722 2332 2051 2372 Ascenflonales

959 2392 1089 2432 atque
1117 2387 1447 2426 Declinationes
1473 2387 1724 2436 conquifita.
1753 2398 1855 2425 cum
1880 2393 2049 2425 antece·
2088 2397 2121 2423 4ο

959 2439 1160 2477 dentibus
1177 2440 1246 2478 sex
1264 2441 1361 2479 satis
1378 2441 1568 2489 apposite
1587 2447 1808 2489 congruat.

1013 2493 1064 2529 Vt
1092 2501 1239 2531 autem
1268 2494 1338 2532 hae
1365 2495 1552 2542 septenae
1580 2494 1893 2542 Longitudines
1918 2500 2049 2541 atque

1780 2547 2050 2586 Latitudines
