2243 3225
382 194 433 232 80
758 187 1212 228 ASTRONOMIAE
1233 184 1654 225 INSTAURATAE

384 298 770 345 Complementum
785 294 1040 332 Altitudinis
1056 294 1165 332 Poli:
1182 292 1270 331 AG
1287 291 1676 339 Complementum
1691 301 1808 328 verae
1825 289 2028 328 Declina-

383 353 524 395 tionis,
542 350 580 387 &
596 348 798 397 Angulus
813 348 868 386 ad
886 348 919 385 B
936 349 1026 385 iam
1041 348 1247 385 innotuit:
1265 345 1397 393 Igitur
1413 344 1451 382 8(
1466 343 1539 382 hic
1555 355 1578 382 e
1595 344 1705 382 datis
1721 343 1894 382 duobus
1905 342 2028 381 Late-

383 405 512 447 ribus,
526 414 625 440 cum
637 413 725 439 vno
736 401 927 449 Angulo,
942 400 1162 447 reliquum
1174 399 1308 437 Latus
1320 397 1413 442 BG,
1426 397 1817 445 Complementum
1827 395 2029 434 Altitudi-

384 459 450 494 nis
466 467 581 494 verae
597 454 844 498 innotescet,
861 465 888 492 a
903 465 992 501 quo
1008 453 1037 491 fi
1053 453 1277 491 auferatur
1294 451 1363 489 BF
1375 450 1765 498 Complementum
1775 449 2031 488 Altitudinis

384 509 495 552 visae,
508 508 750 546 remanebit
762 507 839 545 FG
852 505 1077 551 Refractio,
1091 517 1190 554 quae
1203 505 1498 553 quaerebatur:
1513 515 1591 552 per
1601 503 1872 541 additionem
1882 508 2032 541 tamen

384 561 675 605 Parallaxeos,
692 566 736 598 vt
751 566 894 605 antea,
912 559 1168 608 castiganda.
1186 558 1349 597 Licebit
1363 557 1538 605 insuper
1553 556 1739 604 idipsum
1751 556 2031 604 compendio-

2069 511 2084 536 ⁵

384 615 479 659 fius,
501 617 546 652 in
567 614 684 652 hunc
701 611 716 664 ΙΙ
732 614 915 652 modum
933 614 1103 660 assequi.
1126 610 1270 651 Ducta
1286 612 1340 650 ab
1357 611 1389 649 F
1405 613 1450 649 in
1466 610 1554 649 AG
1570 609 1922 658 perpendiculari
1937 608 2031 653 FH,
2064 615 2106 647 95

384 668 603 706 assumitur
626 670 671 705 in
694 679 834 715 paruo
854 666 1094 714 Triangulo
1116 665 1256 710 FGH,
1280 664 1483 713 Angulus
1505 664 1561 702 ad
1586 663 1628 702 G
1649 662 1835 711 aequalis
1854 661 2033 710 Angulo

386 721 514 765 BFA,
531 722 651 768 prius
668 726 855 768 reperto;
873 719 1084 768 siquidem
1100 731 1153 758 ea
1169 730 1269 767 quae
1286 718 1510 756 intercedit
1526 716 1773 755 differentia
1783 717 2033 764 perexigua,

385 774 495 812 nihil
511 773 665 812 nostrae
682 775 912 812 intentioni
929 772 1103 811 officiat.
1121 772 1240 819 Quia
1255 774 1402 819 itaque
1419 771 1547 809 datur
1559 769 1651 809 HG
1664 767 1878 808 Refrafflo
1890 768 2033 807 Decli-

386 829 576 866 nationis
601 839 677 875 per
698 826 1074 870 Obseruationem,
1101 825 1346 864 differentia
1371 824 1570 863 videlicet
1591 823 1913 861 Declinationis
1932 821 2034 860 visae

387 880 424 919 8(
441 892 570 924 verae,
596 892 685 927 quo
706 880 761 918 ad
781 878 1112 923 Refrac'tionem,
1138 881 1266 926 igitur
1288 878 1370 916 FG
1395 876 1608 916 Refrac‘tio
1624 876 1880 914 Altitudim's
1899 875 2034 914 latere

386 936 549 981 nequit,
571 945 623 971 ex
644 945 733 980 quo
754 935 799 971 in
819 932 1059 981 Triangulo
1080 931 1331 980 rectangulo
1353 942 1490 969 vnum
1511 931 1645 969 Latus
1665 941 1766 968 cum
1787 929 1925 967 altero
1943 929 2034 967 An-

386 987 500 1035 gulo,
518 987 779 1025 obtinentur.
798 986 848 1024 Et
865 988 970 1033 quia
980 985 1245 1033 Triangulus
1262 984 1316 1022 est
1332 995 1510 1032 paruus,
1528 985 1725 1031 operatio
1739 994 1790 1021 ac
1801 981 1936 1021 fiesset
1947 993 2035 1020 rec·

386 1040 561 1078 tilineus
585 1038 932 1087 compendiosius
955 1039 1215 1077 absoluetur.
1242 1038 1408 1076 Eodem
1434 1049 1538 1075 vero
1562 1048 1629 1075 res
1652 1036 1818 1080 redibit,
1841 1035 1929 1074 fiue
1951 1035 2035 1074 hoc

387 1093 532 1137 modo,
548 1092 636 1131 siue
652 1092 1009 1131 antecedentibus
1025 1091 1297 1139 procedatur.

441 1146 520 1184 Per
542 1145 623 1184 has
646 1148 793 1193 itaque
816 1147 1020 1190 rationes,
1047 1144 1313 1183 conferendo
1336 1151 1430 1182 tum
1455 1143 1794 1182 obseruationes
1817 1154 1894 1191 per
1916 1142 2035 1189 Qua-

388 1201 587 1238 drantem
602 1198 946 1242 Azimuthalem,
967 1204 1061 1237 tum
1082 1200 1214 1236 etiam
1233 1209 1310 1246 per
1326 1197 1561 1235 Armillam
1581 1199 1810 1240 majorem,
1831 1195 2036 1234 Declina-

387 1255 527 1291 tiones
556 1252 893 1296 mensurantem,
918 1252 1102 1290 Tabella
1132 1249 1470 1293 Refrac'tionum,
1501 1250 1706 1289 adhibitis
1734 1252 1780 1288 in
1809 1248 2037 1288 consilium

388 1306 581 1353 plurium
592 1307 829 1344 Annorum
846 1305 1250 1349 obseruationibus,
1268 1304 1305 1342 &
1322 1304 1472 1353 ijsdem
1489 1304 1682 1352 diligenti
1698 1305 1861 1342 trutina
1877 1313 2036 1351 expen-

388 1359 451 1403 sis,
468 1371 494 1397 a
510 1360 636 1397 nobis
653 1359 708 1397 est
724 1358 974 1398 construeta.

442 1413 701 1451 Notandum
717 1412 902 1460 insuper,
920 1412 1038 1460 quod
1055 1412 1084 1450 fi
1100 1412 1190 1460 ipso
1207 1411 1375 1460 Solstitij
1394 1411 1476 1455 die,
1496 1422 1585 1459 quo
1602 1410 1851 1449 Declinatio
1867 1408 2037 1448 insenfi-

388 1466 528 1504 biliter
539 1471 745 1511 mutatur,
762 1465 858 1504 haec
870 1464 1096 1514 practicari
1108 1470 1344 1513 nequeant,
1361 1465 1416 1503 ob
1428 1466 1576 1503 minus
1588 1463 1869 1503 commodam
1882 1462 2037 1501 sereni-

388 1525 533 1563 tatem,
551 1519 693 1567 qualis
709 1520 763 1558 ab
781 1519 892 1558 Ortu
909 1521 954 1557 in
971 1519 1182 1558 Occasum
1202 1518 1327 1562 Solis,
1343 1518 1632 1566 limpidissima
1648 1518 1894 1565 requiritur,
1911 1527 2038 1564 opor-

389 1579 476 1611 tere
502 1575 769 1617 mutationis,
800 1585 900 1621 quae
925 1572 1149 1611 successiue
1175 1575 1220 1611 in
1246 1571 1554 1610 Declinatione
1580 1572 1800 1619 contingit,
1830 1569 2039 1609 adhibere

389 1628 616 1664 rationem.

442 1681 636 1728 Apparet
657 1685 806 1718 autem
832 1691 884 1717 ex
909 1679 1000 1727 ipsa
1019 1679 1212 1723 Tabella,
1239 1677 1534 1717 Refradtiones
1560 1677 1642 1716 has
1661 1688 1797 1726 prope
1819 1677 2039 1715 Horizon-

390 1739 488 1777 tem,
506 1733 654 1771 subitae
671 1733 919 1772 alterationi
933 1733 1148 1771 obnoxias
1161 1734 1253 1771 esse:
1271 1731 1417 1780 postea
1428 1742 1533 1770 vero
1546 1731 1646 1770 Sole
1659 1731 1898 1769 eleuatiore
1914 1728 2039 1774 facto,

390 1787 654 1834 pedetentim
669 1789 828 1830 minui;
850 1789 974 1824 cuius
990 1787 1200 1834 potissima
1216 1785 1345 1824 causa
1361 1785 1428 1829 est,
1448 1785 1566 1833 quod
1583 1787 1697 1823 circa
1712 1784 1952 1822 Finitorem
1966 1795 2040 1822 va-

390 1852 548 1887 porum
569 1840 753 1878 densitas
776 1840 1011 1888 longissime
1034 1839 1327 1888 protrahatur,
1349 1839 1592 1886 eademque
1615 1838 1777 1877 ibidem
1799 1839 1845 1876 in
1867 1837 2041 1876 modica

391 1893 645 1931 Altitudinis
674 1896 916 1932 mutatione
947 1893 1168 1932 confestim
1197 1893 1493 1935 abbreuietur,
1524 1891 1774 1930 sublimiore
1803 1902 1895 1929 non
1924 1893 2040 1929 item.

392 1947 511 1984 Nam
536 1947 713 1985 assumta
738 1949 934 1985 maxima
959 1959 1176 1994 vaporum
1202 1946 1473 1989 Eleuatione,
1502 1946 1556 1984 ab
1583 1945 1749 1993 Opticis
1774 1943 1978 1983 Alhazen
2003 1943 2041 1982 &

392 2000 624 2038 Vitellione
646 2000 949 2044 demonstrata,
972 1999 997 2048 l.
1015 2001 1077 2039 48.
1097 1999 1140 2048 ll.
1157 2001 1220 2042 50.
1242 2000 1443 2048 qualium
1464 1999 1797 2038 Semidiameter
1816 1997 1965 2036 Terrae
1986 1996 2042 2036 ess

392 2053 443 2091 60
466 2060 571 2100 part.
595 2060 636 2092 vt
660 2053 704 2091 sit
726 2056 770 2091 in
791 2054 1035 2092 miliaribus
1053 2054 1331 2092 Germanicis
1347 2055 1419 2091 vix
1441 2053 1494 2095 12,
1516 2053 1663 2090 euadit
1680 2063 1834 2090 eorum
1851 2053 1964 2090 circa
1980 2053 2040 2099 ip-

393 2106 485 2144 sum
512 2107 803 2145 Horizontem
829 2108 1026 2145 crassities
1052 2107 1093 2145 P.
1120 2108 1156 2145 9.
1185 2106 1209 2155 l.
1236 2108 1299 2148 55.
1326 2106 1412 2144 siue
1438 2106 1678 2144 miliarium
1704 2105 1783 2144 142.
1811 2105 1860 2143 In
1885 2104 2040 2143 Altitu-

393 2160 493 2197 dine
516 2160 557 2197 P.
580 2161 632 2199 15.
656 2160 710 2198 G.
732 2161 767 2198 2.
792 2159 817 2208 l.
839 2161 924 2203 532¹,
946 2160 1018 2198 seu
1039 2161 1279 2198 miliarium
1300 2161 1380 2199 413:
1403 2171 1538 2208 prope
1556 2159 1735 2197 Altitud.
1753 2159 1805 2197 30
1819 2158 1937 2207 grad.
1954 2157 1996 2196 P.
2014 2158 2040 2196 l.

395 2212 419 2260 l.
438 2213 500 2255 36,
523 2213 590 2250 vel
611 2214 766 2251 miliar.
788 2214 838 2252 23
860 2213 960 2252 fere.
983 2214 1112 2252 Circa
1133 2214 1364 2252 dimidium
1382 2213 1687 2260 Quadrantem
1709 2212 1750 2250 P.
1769 2213 1795 2250 1.
1814 2211 1840 2260 l.
1857 2210 1916 2254 83.
1938 2210 1976 2249 &
1997 2213 2042 2249 'in

395 2267 637 2304 miliaribus
663 2267 738 2309 162¹„
764 2268 819 2305 ad
846 2267 1152 2305 Eleuationem
1178 2267 1229 2308 60
1254 2274 1360 2314 part.
1387 2266 1411 2314 l.
1436 2267 1521 2309 583,
1547 2266 1634 2304 siue
1660 2266 1816 2304 miliar.
1841 2266 1899 2308 14:
1925 2264 2043 2303 velut

395 2320 489 2357 haec
515 2320 616 2358 alibi
643 2321 930 2362 commodius,
962 2332 1016 2358 ne
1042 2323 1229 2358 nimium
1256 2321 1325 2358 hic
1352 2323 1404 2368 ijs
1429 2323 1729 2363 immoremur,
1759 2317 2043 2357 demonstrari

395 2374 570 2420 possunt

449 2427 592 2473 Atque
611 2426 710 2465 hinc
728 2427 826 2465 satis
842 2433 970 2474 patet,
988 2428 1100 2465 vnde
1114 2426 1201 2468 fiat,
1219 2427 1336 2474 quod
1349 2439 1566 2474 vaporum
1578 2427 1787 2469 crassities.
1804 2433 1893 2464 tam
1905 2424 2043 2464 subito

396 2482 438 2516 in
454 2479 689 2517 decliuiore
703 2481 756 2518 ad
771 2480 1062 2518 Horizontem
1076 2480 1151 2518 situ
1165 2480 1246 2518 sese
1260 2480 1422 2521 alteret.
1440 2481 1596 2518 deinde
1609 2491 1714 2518 vero
1726 2481 1889 2521 minus:
1906 2478 2042 2527 quod-

1958 2543 2043 2580 que

2075 776 2104 802 10

2076 1043 2105 1068 15

2075 1577 2108 1603 25

2078 1843 2111 1870 w

2078 2005 2098 2036 †

2079 2111 2111 2137 ³5
