2164 3246
101 442 121 473 †

105 553 120 579 5

87 1088 118 1114 15

65 1295 128 1329 323

82 1355 116 1382 20

80 1623 114 1650 25

77 2158 111 2185 35

402 217 1060 258 PROGYMNASMATUM
1083 220 1397 260 SECUNDA
1418 222 1569 262 PARS
1737 224 1814 263 323

159 325 237 371 las,
260 325 448 373 Organis
465 324 716 363 obseruatas
733 324 968 364 Posteritati
986 326 1280 366 consecraret?
1302 328 1448 375 Quem
1464 329 1565 368 sane
1583 330 1812 376 Laborem,

159 379 396 427 plusquam
413 378 700 423 Herculeum,
722 390 855 417 nemo
873 379 1009 427 (quod
1026 379 1168 427 scitur)
1186 387 1286 419 ante
1303 382 1443 429 ipsum
1459 384 1712 422 exantlauit.
1731 384 1812 423 Ta·

159 444 249 477 ceo,
280 432 399 480 quod
429 431 611 479 quidam
637 431 1053 471 Commentatorum
1078 434 1203 482 Plinij
1234 434 1455 474 affirmare
1481 449 1571 474 non
1597 444 1811 482 vereatur,

159 485 470 534 Hipparchum
486 496 540 523 ex
557 485 757 530 Cometa,
779 497 911 533 quern
928 486 1046 531 vidit,
1070 486 1138 533 (fic
1156 490 1274 525 enim
1291 488 1470 527 Stellam
1492 490 1614 528 illam
1630 491 1812 530 Nouam

157 550 390 588 perperam
401 538 545 585 vocat)
562 544 708 577 motus
720 538 972 577 Affixarum
984 540 1231 585 Stellarum,
1250 543 1456 589 quodque
1471 555 1562 581 non
1577 547 1812 583 retinerent

158 604 211 632 ea
230 592 340 638 loca,
363 603 464 640 quae
485 597 587 631 ante
608 592 777 640 aliquot
798 592 957 631 Secula
977 592 1240 638 habuerunt,
1265 596 1599 642 deprehendisse.
1619 598 1670 643 Jd
1693 601 1811 636 enim

156 648 301 695 potius
324 645 559 684 ridiculum
582 645 649 690 est,
674 657 810 693 quam
831 652 874 683 vt
895 646 1108 685 dilutione
1133 653 1266 696 egeat.
1289 648 1456 687 Siccine
1477 650 1751 689 lentissimum
1773 652 1810 690 8(

157 699 536 739 constantissimum
567 699 863 738 Inerrantium
888 699 1123 738 Stellarum
1153 707 1336 745 motum,
1368 704 1442 749 qui
1465 705 1538 740 vix
1561 706 1690 742 vnius
1716 705 1809 743 Ho-

155 755 287 792 minis
308 764 410 792 aeuo
430 753 621 797 sentitur,
643 764 697 791 ex
712 752 891 791 fortuita
907 753 1058 801 aliqua
1075 754 1274 793 Cometae
1290 755 1466 799 visione,
1489 756 1664 804 eiusque
1681 770 1809 806 vaga-

155 806 306 846 bundo
317 807 451 855 gressu
463 806 556 854 (qui
566 818 659 844 non
667 806 746 845 nifi
755 818 782 845 a
791 806 1015 855 posteriori
1025 808 1306 856 cognoscitur,
1320 810 1611 857 rarissimeque
1625 812 1809 858 aequalis

155 860 302 905 existit,
315 871 396 899 nec
407 862 468 899 ita
478 860 554 898 diu
566 860 710 907 durat)
723 860 1010 909 peruestigare
1023 861 1190 900 datum:
1205 862 1322 900 Cum
1331 874 1386 900 ne
1397 874 1419 900 e
1430 863 1619 902 Planetis
1632 865 1809 911 quidem

155 913 265 963 ipsis,
282 913 458 952 Mundo
475 915 652 958 coaeuis,
669 925 861 961 quorum
873 914 1188 953 Reuolutiones
1205 921 1335 963 atque
1349 916 1513 960 Motus,
1531 918 1739 964 potissima
1756 931 1808 957 ex

154 973 289 1016 parte,
306 967 520 1016 explorati
535 967 644 1012 sunt,
661 966 764 1005 hinc
780 967 947 1015 aliquid
963 968 1130 1016 subfidij
1145 968 1319 1007 veniat?
1336 969 1427 1007 Nifi
1444 977 1660 1017 quatenus
1673 983 1695 1009 e
1708 971 1807 1010 Sole

154 1033 232 1070 per
251 1021 439 1066 Lunam,
461 1026 537 1060 aut
552 1021 736 1059 Veneris
758 1021 950 1066 Stellam,
973 1022 1351 1069 quemadmodum
1367 1035 1449 1061 nos
1467 1023 1661 1068 fecimus,
1684 1025 1807 1064 Fixa—

154 1074 457 1114 rumTermini
465 1074 707 1113 limitentur
715 1086 723 1113 :
732 1075 852 1123 quod
860 1080 1010 1113 tamen
1019 1075 1148 1124 longe
1158 1076 1337 1114 alterius
1348 1076 1402 1114 est
1411 1077 1663 1121 moliminis,
1673 1090 1808 1125 quam

155 1140 178 1167 e
194 1128 392 1168 Cometis
407 1128 688 1173 instabilibus,
705 1127 865 1167 Affixis
880 1134 1085 1167 motuum
1099 1129 1214 1177 leges
1226 1130 1514 1177 praescribere,
1532 1132 1807 1179 quandoqui-

154 1182 254 1221 dem
269 1181 316 1220 hi
331 1193 421 1220 vna
436 1193 538 1220 cum
554 1181 734 1229 reliquis
746 1182 962 1227 Erraticis‚
979 1194 1057 1230 per
1068 1183 1363 1221 Inerrantium
1379 1190 1473 1222 rata
1489 1191 1620 1232 atque
1637 1185 1806 1223 adinui-

153 1247 249 1274 cem
263 1237 571 1284 permanentia
586 1235 696 1280 loca,
713 1238 860 1284 potius
876 1237 1162 1275 examinandi
1179 1237 1235 1285 dij
1241 1237 1537 1285 udicandique
1554 1237 1707 1276 forent.
1726 1235 1740 1289 Π

206 1289 320 1328 Haec
340 1289 396 1328 ob
417 1289 460 1327 id
481 1300 795 1334 commemoro,
818 1301 873 1328 ne
895 1292 993 1337 quis
1015 1292 1259 1329 imitatione
1281 1290 1583 1338 Interpretum,
1600 1292 1807 1330 Virorum

153 1342 263 1382 alias
282 1342 593 1391 praestantium,
617 1342 747 1391 ipfius
768 1343 894 1392 Plinij
917 1344 1065 1387 verba,
1089 1346 1134 1381 in
1155 1344 1333 1382 laudem
1355 1344 1602 1392 Hipparchi
1623 1345 1805 1392 prolata,

151 1395 309 1435 finistre
325 1398 521 1444 accipiat,
537 1402 753 1445 tanquam
764 1397 817 1435 de
831 1397 1018 1436 Cometa
1034 1397 1197 1445 aliquo,
1214 1409 1307 1436 non
1323 1398 1545 1445 peculiari,
1559 1398 1596 1436 8(
1609 1410 1635 1436 a
1648 1398 1804 1437 Come-

150 1455 296 1489 tarum
310 1461 469 1498 genere
486 1455 672 1495 exemta,
689 1447 835 1495 Stella,
857 1451 1141 1499 intelligenda
1157 1451 1247 1489 [int.
1264 1451 1398 1499 Apud
1414 1463 1484 1489 me
1502 1458 1614 1490 certe
1632 1452 1805 1491 nullum

151 1503 207 1542 est
227 1503 423 1549 dubium,
445 1503 758 1552 Hipparchum
778 1506 936 1543 reuera
952 1504 1133 1543 Stellam
1149 1504 1347 1552 aliquam
1364 1505 1547 1543 Nouam
1564 1506 1743 1553 reliquis
1759 1506 1804 1543 fi-

150 1557 395 1602 millimam,
417 1557 456 1596 &
476 1569 503 1596 a
519 1557 699 1596 Crinitis
715 1557 946 1602 diuersam,
967 1558 1052 1596 suis
1068 1558 1361 1606 Temporibus
1377 1558 1625 1597 obseruasse.
1649 1559 1805 1606 Qualis

150 1615 299 1650 tamen
314 1610 412 1650 haec
427 1611 569 1656 fuerit,
592 1611 630 1649 8(
651 1612 878 1659 quomodo
894 1612 934 1650 se
951 1623 1028 1659 per
1045 1624 1200 1650 omnes
1217 1612 1556 1650 circumstantias
1573 1613 1804 1660 particula-

150 1666 252 1703 riter
276 1664 534 1709 exhibuerit,
566 1667 781 1712 quoniam
806 1677 833 1703 a
857 1665 999 1703 Plinio
1025 1666 1246 1714 proditum
1272 1677 1364 1703 non
1390 1665 1456 1710 est,
1488 1665 1526 1703 8(
1556 1666 1803 1713 Hipparchi

150 1717 299 1766 Opera
314 1719 576 1757 iamdudum
592 1718 902 1763 defiderantur,
920 1719 1030 1757 nihil
1047 1722 1149 1757 certi
1166 1721 1460 1766 pronunciare
1477 1718 1585 1757 licet.
1603 1719 1710 1757 Tale
1727 1732 1802 1758 au—

148 1777 237 1810 tem
253 1772 372 1820 quid,
388 1772 576 1810 velante
589 1772 913 1820 Hipparchum,
930 1773 1001 1810 vel
1017 1775 1149 1811 etiam
1165 1772 1254 1820 post
1271 1772 1422 1820 ipsum,
1441 1772 1593 1820 elapfis
1610 1775 1699 1811 iam
1711 1774 1801 1811 An-

149 1827 217 1864 nis
233 1825 340 1871 1700,
363 1825 552 1864 Coelitus
573 1825 863 1874 conspectum,
885 1838 939 1864 ex
954 1826 1052 1864 vllis
1069 1826 1270 1874 Historijs
1291 1826 1389 1864 satis
1406 1832 1499 1864 tuto
1517 1825 1554 1863 &
1571 1832 1687 1864 certo
1704 1838 1800 1874 pro-

147 1879 251 1918 bare
267 1881 340 1918 vix
357 1880 622 1918 conceditur.
645 1879 995 1928 Historiographi
1017 1882 1146 1923 enim,
1168 1880 1456 1927 vtplurimum
1473 1879 1800 1918 Mathematicis

147 1932 326 1972 Artibus
337 1944 430 1971 non
441 1933 609 1977 imbuti,
626 1933 872 1981 plerunque
886 1936 1017 1972 etiam
1029 1933 1322 1980 Philosophiae
1334 1933 1616 1971 Aristotelicae
1629 1932 1798 1977 addicti,

147 1997 239 2025 non
255 1986 494 2026 discernere
511 1992 675 2025 norunt
691 1989 802 2025 inter
819 1987 973 2026 Stellas
990 1989 1163 2024 nouiter
1181 1993 1354 2025 exortas
1371 1986 1417 2033 (fi
1434 1987 1613 2034 quando
1630 1987 1672 2024 id
1689 1987 1799 2024 alias

147 2038 309 2079 factum
325 2039 396 2087 est)
414 2039 452 2078 8(
469 2040 691 2085 Cometas,
708 2040 778 2079 vel
795 2043 927 2079 etiam
942 2043 1098 2088 ignitas
1110 2041 1238 2078 Aeris
1254 2039 1386 2083 faces;
1404 2040 1517 2077 vnde
1535 2039 1592 2082 fit,
1610 2045 1653 2077 vt
1669 2040 1798 2087 saepe-

147 2105 333 2132 numero
348 2105 488 2132 vnum
503 2105 583 2142 pro
600 2094 688 2132 alio
705 2100 917 2142 reputent.

200 2147 358 2195 Neque
373 2153 524 2186 tamen
539 2147 713 2196 prorsus
729 2149 938 2196 negarim,
955 2147 1112 2195 saepius
1125 2159 1151 2185 a
1163 2147 1338 2184 Mundo
1351 2147 1525 2184 condito
1542 2147 1738 2189 euenisse,
1756 2152 1799 2184 vt

146 2211 267 2240 noua
282 2200 434 2249 aliqua
449 2203 495 2239 in
510 2201 601 2249 ipso
614 2201 756 2245 Coelo,
774 2201 861 2239 fiue
874 2201 1003 2239 instar
1015 2201 1223 2238 Fixarum
1235 2203 1430 2242 immota,
1448 2199 1535 2237 slue
1548 2200 1602 2238 ad
1615 2200 1798 2238 modum

146 2253 428 2293 Planetarum
444 2266 643 2299 erronea,
661 2257 846 2293 extiterit
858 2254 1002 2297 Stella,
1020 2260 1112 2292 vtut
1128 2254 1313 2302 idipsum
1328 2265 1419 2292 non
1431 2253 1476 2291 fit
1489 2253 1663 2300 Scriptis
1676 2265 1798 2291 man-

146 2307 310 2346 datum.
323 2308 436 2346 Fieri
448 2311 611 2347 etenim
621 2308 766 2356 potest,
779 2314 822 2346 vt
834 2308 889 2346 ab
902 2308 1173 2346 Hominibus
1185 2308 1339 2345 talium
1350 2307 1682 2354 Peregrinarum
1694 2306 1797 2345 Stel-

146 2360 290 2400 larum
305 2362 580 2410 Apparentia
600 2362 767 2409 semper
788 2361 1095 2400 animaduersa
1117 2373 1207 2399 non
1228 2361 1285 2402 fit,
1308 2373 1360 2398 ex
1378 2372 1466 2408 quo
1483 2361 1718 2408 paucissimi
1735 2372 1797 2397 re-

146 2416 383 2462 periantur‚
401 2427 512 2463 quos
527 2415 781 2454 Coelestium
797 2415 990 2453 sublimis
1007 2427 1112 2453 cura
1128 2420 1287 2462 tangat.
1306 2415 1425 2452 Nam
1441 2413 1517 2451 nifi
1534 2425 1706 2461 magnae
1724 2414 1796 2451 ad-

146 2468 417 2516 modumque
437 2469 619 2507 illustres
638 2469 716 2507 fint
733 2468 996 2507 eiuscemodi
1013 2469 1257 2516 Peregrinae
1275 2467 1432 2509 Stellae,
1454 2479 1544 2504 non
1562 2467 1735 2504 cuilibet
1753 2469 1795 2503 in

147 2521 299 2560 oculos
308 2524 549 2566 incurrunt,
559 2522 629 2560 sed
639 2525 685 2560 in
692 2528 813 2561 tanta
820 2522 1009 2560 aliarum
1017 2524 1143 2569 copia
1151 2528 1281 2568 atque
1290 2523 1510 2562 varietate,
1512 2527 1610 2611 Itjtcilm
1619 2531 1795 2566 quoque

253 2583 304 2608 41·
1427 2585 1510 2611 con
1575 2580 1794 2610 eratorum
