2164 3246
354 231 526 270 ASTR.
549 230 707 270 INST.
730 229 1062 270 PROGYMN.
1085 229 1394 269 SECUNDA
1415 228 1567 267 PARS
1718 228 1786 267 331

136 338 456 388 praepollentes,
474 339 768 386 excogitarim,
785 348 1035 385 magnoque
1053 337 1222 375 Labore
1238 336 1275 374 8(
1289 336 1445 375 Sumtu
1462 335 1647 374 construi
1664 337 1786 374 cura-

136 395 235 437 rim;
256 398 406 430 tamen
425 396 529 429 tunc
544 391 787 439 Temporis,
809 391 988 439 quando
1009 390 1105 428 haec
1122 390 1257 428 Noua
1274 389 1406 428 Stella
1422 389 1505 428 sese
1523 389 1786 437 conspicien-

136 447 239 485 dam
264 444 473 487 exhibuit,
503 450 604 482 ante
630 445 788 482 Annos
813 446 979 482 circiter
1004 444 1057 487 18,
1087 449 1245 492 praeter
1269 455 1407 481 vnum
1432 443 1502 481 vel
1529 443 1717 481 alterum
1741 445 1787 481 in

136 504 312 548 promtu
336 510 429 536 non
453 497 685 536 habebam.
713 498 943 536 Redieram
969 499 1088 535 enim
1113 499 1202 535 iam
1227 508 1368 544 nuper
1394 508 1446 534 ex
1471 496 1716 535 Germania
1741 498 1787 534 in

83 567 99 592 5
136 553 338 597 Patriam,
356 551 394 590 8(
410 563 475 596 ea,
492 563 593 598 quae
609 551 815 599 Augustae
832 551 1175 594 Vindelicorum,
1192 551 1298 588 dum
1314 550 1401 588 illic
1418 550 1678 597 aliquandiu
1694 561 1787 587 ver-

135 606 262 650 sarer,
274 604 494 644 fabrefieri
502 604 706 649 feceram,
719 611 849 652 atque
860 604 1133 652 vsurpabam,
1147 603 1367 642 discedens
1379 603 1498 641 illinc
1508 603 1786 650 reliqueram,

136 671 237 699 cum
255 670 348 708 prae
368 660 508 696 nimia
527 658 645 696 mole
666 658 752 696 huc
773 658 953 705 perferri
974 660 1217 705 nequirent.
1240 657 1427 695 Radium
1449 657 1628 704 quidem
1644 656 1785 694 Astro-

136 715 363 753 nomicum
377 712 545 760 semper
561 711 616 750 ad
633 723 793 750 manus
810 711 972 749 habere
989 711 1120 753 licuit,
1138 722 1190 748 eo
1207 710 1326 758 quod
1342 712 1377 748 is
1393 709 1519 748 facile
1537 716 1627 748 erat
1644 716 1786 757 porta-

135 767 237 812 tilis;
259 766 331 805 sed
351 777 453 804 cum
472 767 519 803 in
539 765 747 813 distantijs
768 765 1002 803 Stellarum
1022 764 1267 812 scrupulose
1289 763 1588 807 collineandis,
1612 763 1674 801 illi
1695 775 1786 801 non

68 834 99 860 10
135 821 234 860 satis
252 825 346 859 tuto
366 819 595 858 fidendum
615 830 685 856 me
707 819 876 857 diutina
896 819 1122 856 monuisset
1144 818 1435 865 Experientia‚
1457 817 1528 855 vbi
1549 816 1787 864 praesertim

47 881 112 914 336
134 873 483 922 intercapedines
494 872 630 920 paulo
642 874 832 910 maiores
845 872 1058 910 rimandae
1071 871 1224 915 forent,
1243 871 1402 909 idcirco
1419 867 1786 920 quampri-Hmum

135 925 563 976 Peregrinationibus
578 924 775 973 peradtis,
793 927 928 973 quieti
939 927 984 963 in
996 925 1140 963 Patria
1151 936 1221 962 me
1233 924 1560 971 aliquantulum
1573 924 1784 967 dedissem,

135 983 334 1031 protinus
350 979 690 1019 Instrumentum
706 979 930 1026 quoddam
947 978 1079 1022 aliud,
1096 990 1175 1026 pro
1193 977 1416 1025 capiendis
1428 977 1630 1015 Siderum
1646 989 1785 1015 remo-

134 1034 339 1079 tionibus,
361 1035 431 1072 cui
450 1035 596 1082 potius
617 1044 753 1080 quam
775 1032 913 1070 Radio
935 1032 1084 1070 subtile
1105 1031 1189 1069 hoc
1210 1033 1435 1079 negotium
1456 1031 1717 1069 concredere
1738 1031 1785 1068 li-

68 1102 98 1128 15
135 1094 261 1132 ceret‚
285 1089 433 1136 parari
457 1087 560 1131 iussi,
585 1086 717 1134 idque
743 1086 798 1124 ad
823 1085 952 1124 instar
978 1087 1083 1129 eius,
1110 1085 1227 1132 quod
1253 1084 1493 1132 Augustam
1519 1084 1785 1132 relinquens,

136 1145 230 1181 eius
247 1141 450 1181 Ciuitatis
467 1140 661 1184 Consuli,
684 1140 846 1178 Rerum
862 1139 1268 1177 Astronomicarum
1289 1138 1575 1176 amantissimo
1597 1137 1784 1176 PAVLO

136 1194 469 1235 HAINZELIO
486 1194 715 1237 donatam,
732 1193 802 1231 sed
819 1193 1047 1240 aliquanto
1063 1194 1207 1230 maius
1224 1197 1354 1239 atque
1371 1190 1613 1238 perfectius.

189 1248 526 1296 Commodeque
538 1247 704 1291 accidit,
714 1252 758 1284 vt
769 1246 1041 1284 illucescente
1055 1258 1107 1284 ex
1120 1244 1357 1293 improuiso
1369 1244 1451 1283 hac
1464 1244 1631 1283 insueta
1640 1244 1785 1288 Stella,

136 1303 366 1352 Organum
385 1301 506 1346 illud,
527 1301 775 1339 absolutum
791 1300 828 1338 8(
845 1301 901 1338 ad
922 1300 1120 1337 vltimam
1141 1299 1294 1337 limam
1314 1300 1403 1336 iam
1424 1297 1658 1336 dedudtum
1679 1299 1784 1341 esset,

65 1368 100 1395 20
135 1368 225 1405 quo
241 1368 294 1395 eo
310 1355 646 1394 intermediante
662 1355 959 1401 Apparentias
976 1353 1136 1391 Sideris
1152 1352 1285 1390 huius
1302 1352 1499 1390 demetiri
1516 1352 1673 1389 liceret.

188 1410 291 1449 Erat
306 1414 456 1448 autem
471 1420 549 1456 per
564 1408 604 1446 se
621 1407 813 1456 fimplex,
830 1419 910 1445 nec
926 1407 1074 1444 multis
1090 1406 1364 1454 implicatum
1379 1403 1662 1449 anfrac‘tibus;
1685 1404 1786 1451 Qua

135 1463 188 1503 de
213 1463 342 1502 causa
367 1464 499 1501 etiam
524 1464 681 1500 certius
707 1461 746 1499 8(
770 1463 904 1499 tutius
929 1472 1022 1498 rem
1048 1471 1227 1498 omnem
1252 1459 1520 1506 expediebat.
1552 1458 1786 1497 Constabat

136 1519 255 1556 enim
269 1516 420 1556 saltem
436 1516 608 1554 duabus
625 1515 799 1563 Regulis
816 1516 1009 1552 inuicem
1026 1513 1207 1551 inferius
1225 1513 1369 1551 Clauo
1386 1512 1580 1559 quodam
1597 1512 1786 1550 rotundo

135 1572 358 1616 connexis,
379 1575 423 1608 vt
444 1571 558 1608 circa
577 1569 697 1607 hunc
718 1568 926 1616 explicari
947 1573 1078 1615 atque
1099 1566 1244 1605 rursus
1266 1565 1465 1604 contrahi
1486 1566 1614 1613 posset
1633 1565 1785 1603 Instru-

66 1637 99 1663 25
135 1626 270 1663 menti
285 1623 506 1672 Angulus;
528 1623 579 1661 In
600 1625 871 1661 extremitate
890 1622 1011 1659 Arcu
1031 1620 1226 1668 quodam
1247 1620 1410 1657 sextam
1433 1619 1597 1657 Circuli
1618 1624 1786 1667 partem

135 1677 364 1722 referente;
386 1677 442 1716 ad
462 1677 648 1716 alteram
669 1687 824 1714 earum
845 1675 1031 1719 firmato,
1053 1674 1223 1721 reliqua
1243 1685 1320 1721 per
1336 1673 1564 1720 Ambitum
1582 1672 1785 1715 eiusdem,

135 1731 237 1770 hinc
253 1731 355 1770 inde
371 1730 647 1770 discurrente.
670 1728 876 1768 Diductio
892 1740 997 1766 vero
1016 1733 1147 1775 atque
1164 1725 1397 1765 coarctatio
1414 1726 1632 1773 vtriusque
1650 1726 1785 1773 Regu-

135 1785 203 1831 lae,
223 1790 353 1834 prout
369 1784 605 1824 Stellarum
621 1783 997 1822 obseruandarum
1015 1783 1199 1820 remotio
1219 1780 1428 1828 exigebat,
1450 1791 1526 1827 per
1543 1779 1786 1817 Cochleam

135 1839 362 1887 quandam
377 1850 404 1877 a
420 1838 586 1877 Centro
602 1837 889 1880 Instrumenti,
912 1838 1034 1873 iuxta
1050 1835 1168 1882 quod
1190 1834 1344 1872 oculus
1362 1833 1663 1872 Obseruatoris
1685 1844 1784 1870 con-

65 1903 99 1930 30
134 1892 312 1937 stitutus,
333 1894 448 1930 intra
468 1891 725 1929 Pinnacidia
746 1890 801 1928 ad
824 1891 1141 1927 extremitatem
1162 1887 1428 1935 Regularum
1449 1886 1657 1934 disposita,
1680 1886 1784 1924 Stel-

134 1946 279 1985 larum
303 1945 652 1993 intercapedines
678 1944 932 1987 collimaret,
958 1941 1353 1983 administrabatur:
1379 1946 1638 1986 tantumque
1664 1939 1784 1977 dista-

133 2000 219 2045 bat,
235 2004 453 2048 quantum
467 1998 633 2046 brachij
649 1998 881 2046 elongatio,
898 2002 941 2034 vt
953 2008 1090 2034 manu
1103 1996 1338 2042 circumagi
1351 1994 1547 2032 Cochlea
1558 1993 1633 2031 illa
1644 1994 1784 2040 posset,

134 2058 419 2101 permanente
435 2054 604 2091 interea
618 2063 755 2100 prope
773 2051 986 2089 Centrum
1004 2049 1133 2087 oculo
1150 2051 1346 2091 immoto,
1364 2047 1623 2094 requirebat.

187 2107 354 2146 Verum
368 2112 413 2144 vt
429 2117 584 2145 omnes
603 2105 736 2143 huius
753 2104 1028 2142 Instrumenti
1049 2108 1205 2150 partes.
1228 2101 1404 2148 eiusque
1422 2099 1703 2147 Compositio,
1725 2106 1784 2137 at-

65 2171 98 2197 35
135 2171 221 2208 que
236 2160 345 2199 Vsus
363 2162 578 2208 promtius
595 2160 909 2206 concipiantur,
932 2159 1026 2195 eius
1044 2157 1177 2194 Ieona
1194 2155 1544 2202 conspiciendam
1563 2153 1784 2201 praebeboz

135 2225 189 2252 ex
209 2225 298 2262 qua
317 2213 489 2252 facilius
509 2225 645 2261 quam
661 2211 835 2260 copiosa
851 2210 1087 2249 verborum
1108 2210 1528 2247 commemoratione
1551 2208 1702 2245 omnia
1722 2208 1784 2244 in-

134 2267 390 2316 telligentur.
407 2263 422 2318 ΙΙ

47 2369 111 2403 338
368 2364 719 2404 EXPLICATIO
741 2363 940 2410 ATQUE
962 2361 1106 2400 VSUS
1128 2358 1553 2399 INSTRUMENTI.

237 2427 508 2467 RGANUM
525 2427 609 2465 hoc
621 2427 874 2465 Sextantem
886 2424 1240 2463 Astronomicum
1252 2422 1486 2470 appellaui,
1503 2433 1554 2458 eo
1568 2420 1685 2468 quod
1698 2420 1784 2457 sex-

65 2492 99 2518 40
249 2486 340 2520 tam
356 2481 521 2520 Circuli
537 2486 707 2528 partem
723 2480 798 2518 sua
817 2478 1167 2517 circumferentia
1188 2474 1558 2524 complecteretur.
1580 2475 1785 2521 quamuis

135 2545 461 2582 nonnunquam
481 2535 791 2573 duodecimam
811 2533 961 2571 saltem
982 2534 1242 2580 portionem,
1264 2530 1351 2567 fiue
1373 2531 1501 2566 vnius
1518 2528 1783 2617 Signidinter-

241 2596 291 2622 ⁴2·
1528 2592 1632 2627 cape
1666 2590 1783 2617 inem
