2243 3225
378 199 453 236 434
752 191 1204 232 ASTRONOMIAE
1225 188 1648 228 INSTAURATAE

474 299 897 340 ONSTITUEMUS
909 301 1055 345 itaque
1068 297 1106 335 8(
1117 308 1195 344 pro
1208 302 1302 334 rato
1314 296 1575 334 assumemus
1584 295 1865 333 Diametrum
1874 295 2018 335 Stellae

490 355 531 392 N
536 366 634 391 ouae
651 352 859 390 visibilem
879 354 1000 389 iuxta
1019 350 1082 388 sui
1104 355 1279 388 exortus
1299 350 1514 397 principia
1534 348 1687 386 Mense
1707 348 1907 387 videlicet
1927 349 2017 387 No-

376 408 555 450 uembri,
576 407 690 444 fuisse
713 406 788 451 (vti
809 403 970 442 dicium
991 403 1062 449 est)
1084 403 1129 442 3³2⁷
1146 403 1438 445 Minutorum,
1460 401 1810 449 reponemusque
1830 401 1953 440 illam
1972 404 2018 440 in

376 461 528 498 eadem
554 459 748 497 distantia
771 469 797 495 a
818 457 975 501 Terris,
1002 468 1136 504 quam
1159 455 1318 493 Affixis
1341 454 1562 494 Sideribus
1585 457 1705 502 prius
1728 455 2017 500 attribuimus,

374 514 569 551 videlicet
582 512 701 550 14000
714 511 872 549 Semid.
885 510 1044 553 Terrae,
1063 509 1262 556 (Propior
1278 511 1397 546 enim
1412 510 1485 546 vix
1502 509 1578 546 esse
1594 514 1776 556 poterat,
1793 520 1894 546 cum
1910 508 1949 546 &
1963 508 2018 547 fic
2053 523 2069 548 ⁵

375 566 622 613 aliqualem,
633 565 728 602 licet
739 564 1033 601 Instrumentis
1043 562 1163 600 haud
1172 561 1509 609 perceptibilem,
1520 561 1742 599 admifisset
1748 561 2017 609 Parallaxin)

375 620 563 666 Ideoque
577 630 598 656 e
610 616 859 665 supradictis
871 617 1108 663 ratiocinijs
1118 615 1367 653 continebat
1377 615 1604 653 Diameter
1613 614 1746 653 huius
1756 614 1901 653 Stellae
1911 614 2016 654 Dia-

373 679 559 710 metrum
571 671 717 709 Terrae
729 671 786 708 71.
804 671 949 717 Atque
966 669 1021 707 ob
1033 669 1076 706 id
1093 668 1366 716 corpulentia
1382 670 1476 706 eius
1492 668 1657 706 excessit
1671 667 1911 706 terrestrem
1926 668 2017 709 3612*

373 726 548 763 vicibus.
566 725 730 762 Verum
747 735 801 761 ne
818 724 948 760 nimis
964 721 1208 769 scrupulose
1224 721 1320 759 haec
1336 723 1487 759 rimari
1501 721 1743 766 videamur,
1759 720 1972 760 suffecerit
1986 721 2017 760 fi

373 778 549 816 Stellam
566 777 679 815 hanc
696 776 773 814 360
788 776 923 814 Terra
938 777 1154 814 maiorem
1169 774 1285 812 fuisse
1301 774 1587 813 statuerimus.
1609 774 1727 813 Licet
1743 773 1782 812 &
1797 774 1894 813 haec
1909 786 2016 823 quo·
2055 788 2085 814 ιο

372 843 455 878 que
472 830 737 878 magnitudo,
761 829 1018 877 quibusdam
1033 830 1172 866 nimia
1187 827 1296 866 forte
1312 828 1451 866 videri
1469 830 1641 875 poterit:
1663 839 1764 866 cum
1779 834 1929 866 tamen
1945 839 2015 867 ex-

371 884 508 931 pensis
525 883 710 931 singulis,
727 885 799 920 vix
815 885 960 920 minor
975 882 1144 920 admitti
1161 887 1304 929 queat.
1324 881 1419 919 Imo
1434 881 1465 919 fi
1480 883 1602 920 iuxta
1618 881 1906 920 Ptolemaicas
1922 881 2015 931 Hy-

370 937 577 984 potheses,
596 937 752 983 quibus
770 934 940 974 Octaua
956 934 1151 983 Sphaera,
1169 936 1335 973 circiter
1350 936 1482 972 vicies
1498 934 1656 972 millies
1672 946 1699 973 a
1714 934 1859 973 Terris
1875 946 2015 974 remo-

369 997 507 1033 uetur‚
529 990 623 1027 haec
640 989 728 1037 ipsa
744 991 838 1036 pari
854 989 988 1026 modo
1005 988 1368 1035 expenderentur,
1390 988 1597 1026 euaderet
1613 987 1747 1026 Stella
1765 987 1864 1036 plus
1880 1000 2016 1036 quam

369 1043 524 1081 millies
547 1043 681 1080 Terra
705 1044 863 1080 maior:
883 1042 1008 1089 'quod
1033 1044 1221 1079 nimium
1245 1041 1367 1079 foret.
1395 1041 1516 1088 Quin
1542 1041 1580 1079 81
1604 1041 1745 1089 ipsum
1767 1041 1916 1080 Solem
1939 1041 2016 1081 sua
2054 1054 2083 1080 ιε

370 1096 620 1142 Quantitate
643 1096 807 1133 excessit
826 1095 922 1133 haec
939 1095 1072 1133 Stella
1091 1095 1181 1134 203:
1204 1095 1323 1142 quod
1339 1094 1672 1133 Diametrorum
1692 1097 1803 1133 ratio
1823 1093 2015 1143 respectu

368 1149 513 1187 Terrae
539 1149 733 1196 postulat.
764 1149 875 1187 Satis
900 1151 1047 1195 itaque
1072 1148 1220 1195 liquet,
1249 1160 1384 1195 quam
1409 1144 1689 1198 incre-{ldibili
1713 1149 2014 1196 magnitudine
2036 1154 2099 1187 486

368 1202 474 1244 haec,
492 1203 544 1240 de
562 1214 649 1249 qua
664 1204 846 1249 agimus,
864 1201 997 1240 Stella
1012 1202 1196 1249 praedita
1207 1201 1352 1239 fuerit:
1370 1207 1676 1249 quantumque
1689 1203 1874 1240 extiterit
1884 1204 2013 1241 mira-

368 1256 527 1299 culum,
548 1262 637 1293 tam
657 1255 819 1293 vastam
840 1257 1158 1303 compaginem,
1181 1266 1282 1302 quae
1302 1266 1395 1292 non
1414 1254 1556 1293 solum
1570 1254 1755 1293 Terram
1772 1260 1833 1293 tot
1848 1254 2014 1294 vicibus

368 1310 629 1356 exuperarit:
656 1308 725 1346 sed
750 1308 955 1346 omnibus
978 1310 1144 1346 caeteris
1167 1308 1364 1346 AEtherei
1387 1308 1542 1346 mundi
1566 1308 1722 1346 lucidis
1747 1309 2013 1356 corporibus,
2049 1320 2082 1347 zo

367 1363 565 1409 adeoque
586 1362 675 1409 ipso
696 1361 796 1400 Sole
817 1364 959 1400 maior
979 1361 1119 1405 fuerit,
1140 1364 1314 1400 nouiter
1334 1361 1478 1400 nostro
1496 1361 1615 1400 AEuo
1636 1361 1803 1400 caelitus
1823 1361 2013 1400 illuxisse.

366 1416 509 1462 Atque
521 1415 634 1459 hinc,
644 1415 713 1452 vel
723 1427 775 1453 ex
785 1414 875 1453 sola
885 1417 978 1453 eius
987 1415 1302 1463 magnitudine,
1314 1426 1396 1453 nos
1405 1427 1498 1453 non
1507 1415 1660 1453 frustra
1667 1420 1840 1454 tantum
1849 1426 2013 1463 operae·

366 1470 486 1516 pretij
506 1471 550 1506 in
567 1469 649 1506 hac
665 1474 866 1506 accurate
883 1468 1163 1506 describenda
1179 1468 1428 1513 adhibuisse,
1450 1471 1568 1516 aequi
1584 1468 1623 1506 &
1639 1469 1814 1507 candidi
1834 1468 2013 1508 aestima-

366 1527 479 1559 tores
496 1521 619 1559 facile
637 1521 949 1569 dijudicabunt.

419 1575 582 1612 Verum
599 1575 974 1622 quemadmodum
995 1574 1091 1613 haec
1107 1575 1259 1613 vifibili
1275 1575 1351 1614 sua
1367 1575 1598 1614 Diametro
1618 1575 1708 1624 post
1727 1577 1871 1623 prima
1890 1577 2014 1614 initia
2048 1587 2081 1614 25

366 1627 587 1665 successiue
604 1628 811 1666 decreuit:
834 1628 902 1667 Sic
919 1631 1051 1666 etiam
1072 1628 1220 1676 ipsam,
1242 1640 1377 1676 quam
1394 1629 1561 1667 caelitus
1577 1629 1776 1673 obtinuit,
1798 1631 2012 1677 quantita-

367 1687 453 1718 tem
469 1681 680 1728 paulatim
697 1683 852 1719 reuera
869 1684 1101 1725 imminuit,
1124 1682 1263 1720 donec
1284 1682 1458 1730 prorsus
1479 1682 1786 1721 dissolueretur.
1809 1682 1922 1721 Haec
1938 1683 2012 1731 igi-

365 1740 445 1775 tur,
468 1746 567 1781 quae
588 1735 720 1772 modo
742 1735 794 1773 de
816 1737 909 1773 eius
929 1747 1034 1773 vera
1054 1736 1357 1783 magnitudine
1379 1734 1492 1774 dicia
1511 1735 1620 1780 sunt,
1641 1735 1843 1774 Mensem
1862 1736 2012 1784 potissi-

365 1799 487 1824 mum
510 1788 810 1826 Nouembrem
831 1788 1073 1836 respiciunt,
1095 1789 1275 1836 quando
1296 1789 1498 1827 illustrior
1519 1791 1707 1828 emicuit.
1729 1789 1848 1828 Nam
1864 1791 1910 1828 in
1926 1789 2012 1828 De-

365 1841 524 1878 cembri
539 1841 754 1888 sequente,
771 1841 842 1879 vbi
856 1842 972 1879 Iouis
985 1842 1113 1880 Sidus
1125 1842 1430 1886 aemulabatur,
1447 1845 1521 1880 vix
1532 1843 1630 1891 plus
1643 1854 1778 1891 quam
1789 1843 2012 1881 ducenties
2047 1853 2080 1880 3ο

365 1893 498 1931 Terra
515 1897 655 1932 maior
672 1896 747 1932 esse
763 1897 915 1942 potuit.
938 1895 987 1933 In
1004 1895 1212 1933 Ianuario
1230 1897 1350 1934 Anni
1366 1896 1584 1944 sequentis
1600 1896 1695 1935 1573
1713 1896 1858 1935 adhuc
1878 1896 2012 1944 paulo

366 1949 501 1994 magis
518 1954 753 1991 attenuata,
770 1949 1118 1996 magnitudinem
1135 1949 1320 1987 obtinuit
1332 1949 1430 1997 plus
1442 1952 1590 1988 minus
1602 1952 1763 1988 centies
1774 1949 1911 1988 Terra
1921 1960 2011 1988 am-

365 2000 559 2046 pliorem.
574 2002 629 2038 At
642 2003 686 2038 in
697 2001 933 2040 Februario
944 2002 981 2039 &
993 2002 1169 2045 Martio,
1183 2003 1362 2050 quando
1373 2003 1515 2041 Stellis
1524 2003 1682 2041 Primae
1692 2003 2011 2052 Magnitudinis

365 2054 546 2099 aequalis
557 2055 823 2097 cernebatur,
835 2067 988 2093 earum
998 2058 1163 2093 circiter
1174 2056 1493 2103 corpulentiam
1504 2057 1708 2104 expressit,
1718 2056 1886 2104 fuitque
1895 2062 2009 2099 tunc.

365 2107 482 2152 quasi
495 2107 732 2155 septuagies
744 2108 878 2145 Terra
890 2111 1046 2146 maior:
1061 2109 1217 2156 Sicque
1230 2112 1274 2147 in
1287 2110 1479 2157 Aprili&
1492 2110 1618 2148 Maio
1631 2110 1785 2149 Stellas
1797 2109 2010 2149 Secundae
2045 2120 2078 2147 35

366 2159 682 2206 Magnitudinis
703 2161 905 2204 referens,
928 2164 1059 2200 vicies
1082 2165 1237 2200 nouies
1254 2163 1495 2201 Terrenam
1516 2164 1680 2202 molem
1699 2164 1875 2202 excessit.
1896 2162 2009 2202 Tan-

365 2213 462 2249 dem
481 2215 524 2249 in
542 2213 711 2255 AEstate.
730 2215 908 2261 quando
926 2215 1053 2253 Fixas
1066 2215 1223 2254 Tertiae
1236 2216 1504 2262 Quantitatis
1521 2217 1677 2259 retulit,
1694 2217 1830 2255 Terra
1846 2218 2011 2255 circiter

365 2266 566 2303 vndecies
583 2269 723 2304 maior
740 2270 885 2305 extitit.
905 2269 952 2305 In
971 2270 1200 2307 Autumno
1217 2277 1365 2308 autem
1383 2270 1540 2317 Quarti
1555 2271 1734 2309 Ordinis
1750 2270 1905 2309 Stellas
1920 2280 2010 2318 prae

365 2317 403 2354 se
422 2318 575 2359 serens.
594 2319 918 2366 sesquiquatuor
931 2323 1096 2359 vicibus
1108 2322 1256 2360 Terrae
1269 2323 1467 2361 Globum
1480 2324 1727 2362 excedebat.
1746 2324 1794 2362 In
1806 2323 1894 2362 fine
1906 2334 2010 2362 vero

363 2371 552 2409 eiusdem
567 2374 683 2409 Anni
699 2374 803 2414 1573,
818 2381 946 2421 atque
960 2377 1173 2422 principio
1186 2373 1200 2425 ΙΙ
1213 2376 1429 2423 sequentis
1442 2378 1548 2420 1574.
1565 2389 1665 2415 cum
1677 2377 1820 2416 Stellis
1832 2376 2009 2424 Quintae
2031 2381 2092 2414 487

363 2424 492 2461 classis
514 2426 821 2467 assimilaretur.
844 2427 977 2465 ferme
999 2429 1182 2475 aequalis
1204 2429 1278 2476 ipsi
1295 2430 1443 2468 Terrae
1466 2430 1556 2468 fuit.
1580 2431 1706 2469 quta
1722 2431 2009 2469 Februarium

361 2485 520 2518 autem.
540 2480 718 2524 quando
735 2487 823 2517 tam
840 2481 962 2518 exilis
981 2482 1209 2524 videretur,
1227 2490 1269 2520 vt
1287 2486 1359 2521 vix
1376 2484 1517 2522 Stellis
1534 2484 1677 2523 Sextae
1694 2483 2007 2533 magnitudinis

1759 2547 2004 2585 comparari
