2164 3246
382 222 1039 264 PROGYMNASMATUM
1062 226 1369 266 SECUNDA
1392 229 1540 268 PARS
1712 231 1789 269 399

58 339 121 372 440
144 330 414 379 digressiones
430 325 444 379 ΙΙ
461 330 699 373 euidentes,
722 342 832 378 quas
853 332 1127 380 Copernicus
1149 334 1397 373 Parallaxes
1417 336 1546 374 Orbis
1567 344 1704 381 vocat,
1725 339 1787 375 in-

88 448 108 480 ÷

75 560 91 586 5

78 825 109 852 10

78 1093 108 1118 15

75 1359 109 1385 20

144 384 346 427 finuaret;
369 394 470 430 quae
493 383 768 422 deuiationes
792 387 924 423 etiam
945 387 990 423 in
1011 386 1199 425 Saturno
1221 389 1247 425 a
1267 388 1411 426 Terris
1432 391 1706 428 remotissimo
1728 391 1789 428 illi

145 436 459 476 constituuntur
474 442 581 484 part.
594 437 630 475 5.
647 439 801 476 minut.
814 439 877 483 55,
895 438 1149 485 Quantitate
1166 442 1406 479 admodum
1423 442 1620 485 sensibili:
1638 443 1788 481 Fuisset

144 493 289 538 itaque
305 489 401 528 haec
417 489 551 528 Stella
566 493 768 538 vtrinque
785 493 811 528 a
827 491 903 530 suo
920 492 1029 536 loco,
1052 493 1123 531 etsi
1145 506 1234 532 non
1253 500 1342 532 tam
1358 507 1519 543 magno
1535 496 1644 534 forte
1661 499 1787 534 inter-

144 544 276 588 uallo,
292 543 347 582 ob
363 543 559 591 amplam
576 544 884 589 Latitudinem,
901 552 1049 584 tamen
1065 558 1156 584 non
1172 548 1311 586 multo
1328 551 1496 587 minore
1514 551 1558 586 in
1575 556 1787 597 vtranque

143 603 310 647 partem
325 609 353 635 a
367 596 643 645 praedefinito
659 597 756 636 loco
773 610 850 646 per
865 605 1035 637 motum
1047 600 1194 638 Terrae
1211 613 1424 645 annuum,
1442 603 1658 650 diuagata.
1676 605 1734 641 ita
1745 611 1788 641 vt

143 651 199 690 ad
213 653 448 689 minimum
464 652 640 699 integris
656 651 699 689 10
713 652 918 699 gradibus
939 653 1085 691 locum
1104 656 1217 692 intra
1234 657 1361 692 vnius
1378 657 1498 693 Anni
1520 656 1712 702 spacium
1728 657 1787 694 al-

143 704 316 744 terasset.
327 704 494 742 Verum
504 706 610 752 quia
617 704 785 752 semper
795 707 942 753 quoad
952 707 1138 751 durauit‚
1151 707 1225 746 sub
1237 709 1392 746 eodem
1401 708 1582 747 Oetauae
1593 709 1787 757 Sphaerae

144 759 241 797 loco
257 757 449 802 constitit,
466 757 679 805 nulloque
694 760 866 797 minuto
883 761 928 797 in
944 760 1079 798 vllam
1095 767 1262 808 partem
1279 761 1464 805 deflexit,
1482 774 1625 809 neque
1642 763 1787 800 secun-

144 812 248 851 dum
273 811 580 860 Coperm'anas
605 811 883 860 Hypotheses
910 814 1027 861 apud
1053 813 1228 852 Saturni
1255 815 1567 853 Reuolutiones
1598 818 1788 863 quietern

143 867 372 904 immotam
387 867 570 909 inuenit,
586 864 674 903 fiue
688 865 827 904 Orbes
843 866 1082 905 statuantur
1098 868 1238 905 reales
1254 868 1340 906 siue
1358 880 1460 911 non,
1477 869 1703 916 multoque
1715 870 1787 907 ad-

143 918 230 958 huc
250 920 398 957 minus
419 920 542 957 iuxta
565 918 759 957 confinia
781 922 1148 967 propinquiorum
1171 921 1464 966 Planetarum,
1489 923 1606 969 quod
1630 922 1787 960 inferre

143 972 446 1011 statuebamus.

196 1025 334 1065 Restat
348 1027 527 1074 propria
538 1025 793 1064 Coelestium
805 1029 1065 1065 circuituum
1077 1028 1306 1071 ordinatio,
1324 1040 1412 1075 qua
1424 1028 1624 1066 Planetas
1637 1031 1681 1066 in
1694 1029 1786 1066 lim-

143 1079 351 1128 pidissimo
373 1078 567 1124 AEthere‚
592 1091 670 1127 per
693 1079 734 1118 se
760 1080 892 1118 nuHis
915 1080 1059 1118 solidis
1084 1081 1273 1119 Orbibus
1296 1081 1479 1125 fulcitos,
1506 1084 1618 1120 circa
1642 1082 1787 1120 Solem

144 1144 297 1172 omnes
318 1135 584 1172 vnanimiter
607 1133 818 1171 conuolui
841 1133 1078 1178 statuimus,
1105 1136 1163 1172 ita
1186 1141 1229 1172 vt
1252 1135 1376 1172 illurn
1399 1135 1564 1182 semper
1586 1138 1631 1172 in
1654 1136 1786 1173 medi-

143 1186 267 1226 tullio
286 1186 465 1225 suarum
485 1186 844 1230 Reuolutionum,
865 1188 1078 1234 tanquam
1100 1187 1258 1235 Regem
1281 1188 1318 1225 &
1339 1188 1522 1230 Ducem,
1547 1188 1786 1230 obseruent,

143 1239 418 1279 solummodo
434 1240 747 1278 Luminaribus
763 1247 893 1288 atque
910 1241 1103 1279 altissima
1121 1240 1290 1279 Octaua
1306 1241 1489 1288 Sphaera
1505 1241 1685 1279 Terram
1707 1254 1784 1289 pro

144 1293 308 1333 Centro
327 1293 664 1342 respicientibus.
689 1293 1080 1340 Quemadmodum
1101 1294 1196 1332 haec
1217 1294 1410 1341 sequenti
1431 1295 1559 1333 Libro
1580 1294 1655 1332 suo
1676 1295 1785 1337 loco,

143 1347 335 1396 generali
359 1347 625 1386 indicatione
650 1347 785 1395 paulo
810 1347 943 1385 fufius
968 1347 1255 1386 declarantur.
1287 1348 1537 1386 Secundum
1563 1347 1676 1386 hanc
1708 1349 1786 1394 (in-

144 1400 295 1449 quam)
312 1400 673 1445 constitutionem,
691 1400 763 1439 etsi
774 1401 910 1439 Noua
925 1401 1020 1439 haec
1035 1401 1166 1439 Stella
1183 1403 1228 1438 in
1243 1401 1385 1448 spacio
1402 1401 1551 1448 aliquo
1565 1401 1680 1439 Coeli
1696 1413 1786 1439 non

143 1453 241 1502 plus
265 1466 400 1502 quam
425 1454 688 1499 Saturninae,
719 1460 795 1493 aut
825 1454 1013 1493 aliorum
1043 1454 1314 1502 superiorum
1340 1454 1619 1493 Planetarum
1644 1454 1786 1492 ferunt

144 1507 457 1547 Reuolutiones
473 1507 651 1546 distante
667 1510 851 1546 immota
867 1507 1101 1551 consistere,
1123 1519 1199 1555 per
1214 1507 1254 1545 se
1271 1509 1474 1555 potuisset,
1494 1513 1638 1555 vtpote
1655 1508 1787 1545 nullis

145 1560 335 1600 Orbibus
357 1563 530 1610 agitata,
553 1573 655 1600 cum
677 1561 852 1600 realitas
876 1573 1031 1599 eorum
1054 1561 1139 1599 illic
1162 1573 1252 1598 non
1276 1561 1539 1604 admittatur,
1565 1572 1708 1608 neque
1732 1561 1786 1598 ob

145 1616 336 1662 quietem
354 1614 503 1654 Terrae
523 1616 738 1653 Annuam
759 1615 910 1653 Centri
930 1614 1105 1653 senfisset
1125 1614 1386 1657 Parallaxin,
1414 1626 1556 1661 neque
1583 1616 1713 1652 etiam
1735 1626 1786 1651 ex

145 1667 478 1708 semidiametro
501 1665 516 1718 ΙΙ
539 1668 688 1707 Terrae
713 1668 812 1707 satis
834 1668 1157 1716 perceptibilem
1180 1667 1372 1715 aspec‘tus
1395 1667 1700 1708 diuerfitatem:
1728 1674 1786 1704 at-

144 1726 292 1761 tamen
307 1733 409 1761 cum
424 1722 667 1761 admodum
682 1722 925 1760 verosimile
946 1721 1003 1763 sit.
1026 1721 1232 1768 quicquid
1249 1721 1322 1759 sub
1341 1720 1510 1759 Odiana
1527 1720 1708 1767 Sphaera
1725 1723 1786 1757 in-

144 1781 210 1814 tra
219 1775 509 1815 secundorum
521 1775 753 1814 mobilium
764 1775 922 1813 limites
935 1777 1192 1816 continetur,
1205 1786 1295 1811 non
1307 1776 1465 1816 minus,
1483 1785 1617 1821 quarn
1628 1773 1787 1821 septem

145 1828 346 1868 Planetas
360 1829 446 1867 hoc
461 1829 685 1868 vastissimo
700 1829 845 1876 spacio
863 1831 1136 1876 interceptos,
1158 1834 1327 1865 motum
1348 1828 1541 1874 aliquem
1561 1829 1786 1874 proprium

145 1893 221 1930 per
236 1882 491 1921 consensum
506 1883 756 1921 naturalem
771 1882 920 1926 sortiri,
938 1882 975 1920 &
992 1892 1276 1929 nequaquam
1292 1881 1378 1918 illic
1395 1880 1522 1918 instar
1539 1879 1787 1917 Affixarum

145 1934 378 1975 Stellarum
387 1938 624 1974 immotum
635 1936 874 1979 consistere;
890 1936 1053 1973 Idcirco
1065 1935 1160 1972 haec
1173 1934 1305 1972 Stella
1317 1936 1368 1982 ijs
1380 1934 1544 1981 legibus
1557 1933 1787 1970 eximenda

145 2000 236 2028 non
250 1991 381 2035 venit,
398 1990 777 2038 quemadmodum
793 2001 936 2036 neque
954 1991 999 2026 in
1016 1989 1211 2026 Cometis
1227 1987 1285 2029 fit,
1306 1989 1380 2034 qui
1397 1998 1550 2024 omnes
1567 1989 1679 2023 intra
1696 1986 1787 2023 Pla—

145 2048 347 2081 netarum
366 2043 707 2082 orbiculationes
728 2054 883 2081 reuera
904 2047 1200 2089 procreantur,
1222 2047 1264 2078 vt
1286 2052 1338 2078 ex
1359 2040 1634 2087 sequentibus
1652 2040 1788 2077 Libris

145 2096 324 2143 patebit;
354 2097 547 2144 Ideoque
572 2097 619 2134 hi
643 2108 735 2134 non
760 2096 996 2143 quiescunt,
1027 2095 1096 2132 sed
1121 2101 1291 2132 motum
1317 2094 1539 2140 quendam
1565 2095 1788 2140 proprium

146 2160 299 2188 omnes
319 2150 495 2195 habent,
517 2151 699 2198 quidam
720 2150 986 2193 celeriorem,
1008 2148 1188 2195 quidam
1205 2159 1308 2185 vero
1330 2147 1577 2188 tardiorem,
1600 2146 1729 2192 idque
1747 2148 1790 2182 in

145 2202 335 2242 diuersas
352 2203 468 2242 Coeli
488 2210 645 2252 partes,
667 2214 934 2251 quocunque
951 2202 1029 2240 fert
1046 2201 1257 2239 naturalis
1278 2203 1478 2247 impetus.
1502 2199 1596 2237 Etsi
1613 2199 1790 2245 quando

146 2255 365 2295 confistere
389 2264 643 2305 appareant,
669 2257 712 2295 id
735 2268 812 2304 per
835 2257 1036 2294 accidens
1060 2255 1117 2297 fit,
1144 2254 1230 2292 siue
1255 2254 1372 2301 quod
1396 2251 1586 2300 respectu
1611 2254 1791 2289 intuitus

146 2309 286 2355 nostri,
308 2315 412 2349 tunc
432 2312 478 2349 in
498 2311 682 2349 modum
704 2309 1023 2357 Epicyclorum,
1046 2307 1165 2355 quasi
1186 2319 1262 2354 per
1282 2307 1445 2344 lineam
1467 2305 1627 2344 rectam
1649 2305 1790 2343 ascen-

146 2362 250 2402 dant
273 2363 605 2409 descendantue‚
632 2363 750 2411 quod
775 2365 908 2411 varijs
933 2362 1075 2400 modis
1101 2363 1279 2399 euenire
1306 2360 1449 2407 potest,
1476 2359 1562 2397 siue
1586 2361 1791 2396 motionis

146 2417 292 2464 vigore
317 2419 407 2456 iam
431 2417 659 2456 deficiente
685 2423 856 2455 motum
881 2416 1093 2463 paulatim
1119 2414 1357 2455 inhibeant,
1384 2413 1647 2459 tandemque
1674 2411 1792 2458 quasi

147 2470 465 2518 conquiescant,
494 2471 629 2509 veluti
659 2473 781 2508 iuxta
811 2469 946 2507 finem
974 2469 1262 2515 disparitionis
1289 2478 1443 2504 eorum
1469 2476 1790 2511 nonnunquam

146 2521 241 2561 fieri
255 2523 372 2568 solet,
388 2523 427 2562 &
443 2524 654 2572 Corpore,
672 2523 710 2562 &
727 2524 926 2566 Lumine,
945 2522 982 2560 &
999 2522 1128 2559 Motu
1145 2524 1234 2559 iam
1251 2521 1326 2558 suo
1344 2519 1488 2557 officio
1506 2517 1790 2607 perfunc‘tisILZH
