2164 3246
378 211 551 250 ASTR.
573 211 732 251 INST.
754 212 1087 251 PROGYMN.
1109 213 1312 252 PRIMA
1333 214 1483 254 PARS
1697 218 1754 255 151

108 318 316 363 Rhodius,
333 319 448 356 circa
458 329 629 356 annum
640 324 742 357 ante
756 318 975 357 Christum
987 319 1067 358 120.
1086 319 1174 366 Qui
1187 321 1456 359 occafionem
1470 334 1491 360 e
1505 322 1638 361 Noua
1650 335 1754 371 qua-

38 381 59 414 -1·
108 372 210 410 dam
224 371 302 409 suo
317 382 419 409 aeuo
435 370 662 419 conspecta
673 371 818 417 Stella,
838 372 1066 419 (referente
1078 373 1236 419 Plinio)
1254 373 1418 417 nactus,
1436 378 1636 414 omnium
1649 377 1754 415 alio-

107 436 206 464 rum
220 424 330 468 loca,
348 436 449 472 quae
464 424 574 462 visui
590 424 766 463 discrete
783 432 1072 471 occurrerent,
1090 426 1241 465 Studio
1255 439 1388 474 quam
1401 431 1608 473 maximo,
1626 430 1754 479 defig-

107 480 246 517 nauit:
258 484 302 516 vt
312 477 383 516 vel
394 489 494 516 eam
506 477 561 516 ob
574 477 750 516 causam
761 478 951 517 insolens
962 480 1099 518 videri
1111 492 1202 518 non
1215 481 1379 524 debeat,
1393 483 1509 528 quod
1523 482 1559 520 8(
1572 494 1665 527 nos,
1680 495 1756 531 per

55 546 72 572 ⁵
107 533 479 580 opportunitatem
495 531 642 569 Nouae
659 531 818 576 Stellae,
835 532 918 571 hac
935 532 1077 571 nostra
1093 533 1339 581 tempestate
1356 536 1685 579 animaduersae.
1703 538 1754 575 de

107 596 195 634 qua
209 584 410 633 praesenti
426 584 557 623 Libro
574 596 627 623 ex
643 584 823 633 professo
840 588 1023 634 agimus,
1041 586 1311 634 reliquarum
1327 590 1589 634 perennium
1606 589 1754 628 Stella-

106 649 205 677 rum
225 637 483 686 exquisitam
504 637 888 686 consignationem,
910 639 1158 677 moliamur.
1181 640 1273 677 Post
1294 640 1374 678 hos
1392 641 1605 680 Claudius
1625 646 1754 681 etiam

106 691 382 736 Ptolemaeus,
412 693 526 730 circa
550 692 736 730 Annum
765 704 792 730 a
821 699 926 730 nato
957 692 1126 731 Christo
1155 694 1234 735 140,
1265 694 1547 732 Alexandriae
1579 707 1754 743 quoque

106 744 280 794 AEgypti
300 744 521 783 nonnulla
540 747 586 783 in
604 744 766 783 harum
781 746 1069 793 progressione
1086 747 1449 790 animaduertere,
1472 755 1601 794 atque
1623 749 1755 787 literis

41 811 72 838 ιο
106 798 331 843 mandare,
352 798 562 847 aggressus
583 798 654 843 est;
677 798 980 846 Hipparchico
1002 806 1162 843 tamen,
1185 802 1299 837 circa
1319 811 1472 838 earum
1493 802 1754 846 adinuicem,

106 851 253 900 quoad
272 851 456 900 longum
476 851 515 890 8(
534 851 675 890 latum
691 852 1040 897 collocationem,
1061 853 1248 891 totaliter
1266 859 1433 891 retento
1450 854 1613 892 Abaco.
1636 855 1755 893 Idem

24 912 85 946 139
107 916 284 954 quoque
299 904 398 943 fecit
413 905 836 944 ALBATEGNIVS
852 906 995 944 Arabs
1012 908 1125 944 circa
1136 908 1321 944 Annum
1337 906 1426 945 880.
1444 904 1458 956 ΙΙ
1476 907 1595 954 Quin
1613 908 1650 945 8(
1667 908 1755 946 Rex

105 958 460 998 ALPHONSVS
470 970 607 1007 prope
618 960 805 997 Annum
817 959 913 998 1250
923 959 1216 998 Astronomiae
1229 961 1496 1007 corrigendae
1512 967 1642 1008 atque
1659 974 1754 1009 pro-

105 1012 321 1061 pagandae
340 1011 558 1050 sumtuose
579 1013 762 1057 deditus,
785 1013 934 1051 addita
953 1012 1229 1051 solummodo
1251 1013 1464 1051 Motionis
1486 1016 1530 1051 in
1552 1016 1755 1053 omnibus

40 1078 71 1105 15
105 1067 272 1104 interea
286 1064 412 1104 fac'tae
427 1068 642 1114 portione,
659 1072 818 1104 caetera
834 1077 925 1104 non
936 1069 1140 1110 mutauit;
1158 1067 1292 1104 veluti
1303 1078 1446 1114 neque
1459 1070 1672 1105 recentior
1684 1069 1754 1106 ille

106 1118 475 1158 COPERNICVS
495 1121 609 1158 circa
629 1120 815 1158 Annum
837 1119 993 1158 Christi
1015 1120 1121 1164 1525,
1145 1120 1198 1157 de
1219 1121 1324 1158 Arte
1346 1119 1440 1164 hac,
1462 1120 1491 1158 fi
1512 1123 1608 1168 quis
1629 1122 1754 1165 alius,

105 1174 268 1221 optime
282 1174 476 1211 meritus.

159 1225 242 1265 Etfi
256 1237 362 1264 vero
377 1238 455 1274 per
469 1231 532 1265 tot
546 1225 911 1275 transcriptiones,
933 1232 1033 1265 ante
1055 1233 1272 1274 repertam
1288 1228 1441 1264 Artem
1456 1226 1753 1275 Typographi·

106 1291 216 1325 cam,
235 1285 330 1318 tum
349 1281 483 1318 etiam
499 1279 672 1318 crebras
692 1281 999 1328 impressiones,
1021 1283 1167 1318 minus
1185 1279 1370 1318 corredie
1390 1280 1663 1328 postmodum
1679 1293 1755 1328 per

36 1345 71 1372 zo
105 1332 221 1372 hanc
239 1331 386 1378 factas,
408 1345 431 1372 e
451 1338 514 1372 tot
528 1333 802 1382 Temporum
821 1333 1157 1381 interlapsorum
1174 1333 1351 1377 Seculis,
1373 1333 1588 1381 varijsque
1606 1333 1754 1372 confu-

105 1385 308 1432 sionibus,
331 1392 463 1435 atque
483 1388 661 1425 Artium
683 1387 904 1426 bonarum
926 1387 1271 1435 migrationibus,
1295 1398 1386 1424 non
1409 1386 1638 1425 difficulter
1660 1387 1755 1425 fieri

105 1442 305 1489 potuerit,
325 1445 370 1479 vt
388 1440 581 1488 plurima
600 1440 737 1485 aliter,
760 1452 896 1488 quam
917 1441 970 1479 ab
992 1440 1340 1478 HIPPARCHO
1359 1439 1396 1477 8(
1412 1440 1754 1479 PTOLEMAEO

106 1493 355 1542 consignata
369 1493 559 1539 fuerunt,
576 1494 819 1542 deprauata
834 1494 928 1532 fint:
946 1494 1182 1542 praesertim
1199 1505 1299 1531 cum
1311 1494 1373 1531 illi
1386 1493 1554 1531 Graecis
1567 1496 1692 1537 notis,
1710 1496 1754 1531 in

106 1558 396 1586 numerorum
424 1548 692 1586 indicatione
721 1554 956 1592 vterentur,
988 1559 1088 1595 quae
1118 1547 1306 1586 facilime
1336 1547 1651 1594 transpositioni
1682 1547 1754 1585 ob·

38 1612 72 1640 25
107 1602 254 1639 noxiae
275 1600 388 1639 sunt:
413 1601 719 1640 Nihilominus
741 1607 891 1640 tamen
912 1601 950 1639 &
971 1601 1130 1648 absque
1153 1600 1236 1639 hac
1259 1603 1369 1638 inter
1391 1600 1663 1652 scribendum
1684 1611 1754 1638 ex-

107 1653 416 1693 eudendumue
428 1655 759 1703 deprauatione,
772 1657 818 1693 in
829 1654 926 1703 ipfis
938 1655 1147 1692 Veterum
1160 1653 1561 1695 Obseruationibus.
1579 1654 1754 1691 denota-

107 1707 394 1756 tionibusque‚
415 1720 508 1747 non
527 1708 639 1747 leuis
656 1720 682 1747 a
699 1708 829 1747 Coelo
850 1708 940 1756 ipso
961 1708 1136 1746 admissa
1157 1707 1212 1745 est
1232 1708 1436 1745 deuiatio.
1458 1707 1754 1754 Praeterquam

108 1763 238 1806 enim,
255 1762 375 1810 quod
389 1761 541 1801 saltem
556 1774 634 1810 per
649 1762 765 1801 dena
776 1762 967 1805 Minuta,
984 1761 1080 1799 haec
1097 1762 1240 1799 latiori
1257 1761 1461 1808 indagine
1478 1760 1648 1798 scrutati
1665 1759 1754 1801 fint.

107 1825 163 1853 ne
183 1815 362 1863 quidem
381 1817 497 1854 intra
516 1815 598 1854 has
614 1815 833 1854 Sextantis
849 1817 979 1853 vnius
999 1815 1158 1863 gradus
1178 1820 1329 1857 metas,
1351 1825 1443 1851 rem
1460 1825 1650 1855 omnem.
1673 1824 1755 1850 acu

37 1879 72 1906 3ο
107 1867 168 1915 (vt
178 1867 262 1907 dici
272 1868 393 1916 solet)
409 1871 657 1918 tetigerunt;
675 1869 857 1908 dimidio
873 1869 1175 1916 saepenumero
1191 1868 1340 1916 gradu,
1358 1869 1576 1905 autetiam
1590 1869 1755 1914 integro

105 1920 136 1960 fi
143 1933 236 1960 non
245 1921 356 1971 plus,
369 1921 598 1961 deficiente
607 1922 678 1961 vel
686 1922 952 1961 abundante.
966 1922 1098 1960 Hanc
1108 1933 1212 1959 vero
1222 1920 1603 1958 Vetustissimorum
1613 1919 1754 1957 Astro-

105 1986 356 2021 nomorum,
369 1975 742 2015 circaAffixarum
752 1976 987 2015 Stellarum
995 1975 1334 2014 Obseruationes
1347 1973 1652 2015 deflexionem,
1665 1984 1755 2010 non

105 2033 196 2067 tam
219 2028 413 2078 ipsorum
437 2029 735 2078 indiligentiae,
766 2035 841 2068 aut
867 2029 985 2077 quod
1011 2040 1112 2076 erga
1141 2028 1256 2066 hanc
1283 2027 1591 2075 Cognitionem
1617 2027 1756 2064 arduo

106 2082 271 2121 Amore
287 2081 431 2122 affeeti
446 2095 539 2122 non
554 2083 728 2127 fuerint,
746 2095 881 2131 quam
899 2083 1017 2130 quod
1030 2082 1326 2120 Instrumentis
1339 2080 1376 2118 &
1388 2081 1542 2128 medijs
1555 2091 1644 2117 non
1659 2079 1756 2117 satis

37 2145 72 2173 3⁵
106 2134 303 2183 perfectis
319 2142 451 2185 atque
467 2137 643 2175 Idoneis
659 2136 719 2174 vsi
733 2136 828 2180 sint:
851 2136 991 2174 Modo
1009 2138 1140 2173 etiam
1157 2146 1222 2178 eo,
1242 2146 1374 2182 quern
1391 2136 1435 2171 in
1453 2133 1684 2171 Stellarum
1702 2132 1756 2170 ab

105 2187 397 2239 AEquinoctijs
416 2193 661 2229 remotione
682 2190 1017 2229 determinanda
1037 2189 1345 2229 adhibuerunt.
1367 2187 1451 2224 suis
1472 2198 1562 2224 non
1584 2192 1755 2224 carente

106 2241 383 2289 anfrafflbus,
400 2244 712 2291 imputandum
729 2243 895 2286 censeo.
912 2249 956 2280 vt
971 2242 1104 2280 modo
1121 2241 1379 2279 videbimus.
1397 2237 1411 2290 ΙΙ

25 2299 85 2333 140
160 2295 348 2345 Organis
368 2309 448 2345 pro
465 2297 700 2336 Stellarum
721 2297 827 2335 locis
849 2296 1125 2334 collimandis
1141 2294 1199 2332 vfi
1215 2294 1309 2332 sunt
1327 2291 1702 2332 HIPPARCHVS
1719 2291 1756 2328 8(

106 2347 490 2395 PTOLEMAEVS,
500 2356 594 2389 tum
604 2353 736 2389 etiam
746 2356 847 2389 ante
857 2362 933 2388 eos
942 2347 1350 2391 TIMOCHARES,
1361 2348 1559 2394 inprimis
1569 2346 1755 2383 duobus:

38 2411 72 2439 ιο
106 2398 1756 2452 Armillisquibusdam,atqueParallatico.fiueRegulis;perhasillarumAlti-

106 2455 291 2501 tudines,
299 2457 594 2505 perillasvero
601 2457 916 2506 Longitudines
924 2463 1055 2503 atque
1064 2455 1333 2493 Latitudines
1341 2453 1629 2491 demetiendo.
1639 2451 1756 2489 Neu-

105 2513 375 2549 trumtamen
382 2505 1754 2595 horumInstrumentorumrequifitamsuppeditatpraeclixfionefin.

1602 2569 1681 2595 rm1
1718 2568 1755 2593 ae
