<?xml version="1.0" encoding="UTF-8"?>
<!DOCTYPE html PUBLIC "-//W3C//DTD XHTML 1.0 Transitional//EN"
    "http://www.w3.org/TR/xhtml1/DTD/xhtml1-transitional.dtd">
<html xmlns="http://www.w3.org/1999/xhtml" xml:lang="en" lang="en">
 <head>
  <title>
</title>
<meta http-equiv="Content-Type" content="text/html;charset=utf-8" />
  <meta name='ocr-system' content='tesseract 3.04.00' />
  <meta name='ocr-capabilities' content='ocr_page ocr_carea ocr_par ocr_line ocrx_word'/>
</head>
<body>
  <div class='ocr_page' id='page_1' title='image "./operaomniaedidit02brahuoft/operaomniaedidit02brahuoft_0295.png"; bbox 0 0 2164 3246; ppageno 0'>
   <div class='ocr_carea' id='block_1_1' title="bbox 403 223 1761 269">
    <p class='ocr_par' dir='ltr' id='par_1_1' title="bbox 403 223 1761 269">
     <span class='ocr_line' id='line_1_1' title="bbox 403 223 1761 269; baseline 0.006 -8"><span class='ocrx_word' id='word_1_1' title='bbox 403 223 1062 264; x_wconf 86' lang='lat' dir='ltr'>PROGYMNASMATUM</span> <span class='ocrx_word' id='word_1_2' title='bbox 1084 226 1288 265; x_wconf 82' lang='lat' dir='ltr'>PRIMA</span> <span class='ocrx_word' id='word_1_3' title='bbox 1310 227 1461 267; x_wconf 87' lang='lat' dir='ltr'>PARS</span> <span class='ocrx_word' id='word_1_4' title='bbox 1683 230 1761 269; x_wconf 89' lang='lat'>279</span> 
     </span>
    </p>
   </div>
   <div class='ocr_carea' id='block_1_2' title="bbox 1150 351 1698 383">
    <p class='ocr_par' dir='ltr' id='par_1_2' title="bbox 1150 351 1698 383">
     <span class='ocr_line' id='line_1_2' title="bbox 1150 351 1698 383; baseline 0.007 -4"><span class='ocrx_word' id='word_1_5' title='bbox 1150 354 1390 382; x_wconf 81' lang='lat' dir='ltr'>LONGITVDO</span> <span class='ocrx_word' id='word_1_6' title='bbox 1437 357 1640 383; x_wconf 77' lang='lat' dir='ltr'>LATITVDO</span> <span class='ocrx_word' id='word_1_7' title='bbox 1695 351 1698 361; x_wconf 94' lang='lat'>&#39;</span> 
     </span>
    </p>
   </div>
   <div class='ocr_carea' id='block_1_3' title="bbox 345 373 899 402">
    <p class='ocr_par' dir='ltr' id='par_1_3' title="bbox 345 373 899 402">
     <span class='ocr_line' id='line_1_3' title="bbox 345 373 899 402; baseline 0.007 -4"><span class='ocrx_word' id='word_1_8' title='bbox 345 373 644 400; x_wconf 80' lang='lat' dir='ltr'>DENOMINATIO</span> <span class='ocrx_word' id='word_1_9' title='bbox 661 375 899 402; x_wconf 81' lang='lat' dir='ltr'>STELLARVM</span> 
     </span>
    </p>
   </div>
   <div class='ocr_carea' id='block_1_4' title="bbox 138 473 896 1101">
    <p class='ocr_par' dir='ltr' id='par_1_4' title="bbox 139 473 861 560">
     <span class='ocr_line' id='line_1_4' title="bbox 141 473 861 512; baseline 0.006 -7"><span class='ocrx_word' id='word_1_10' title='bbox 141 473 240 512; x_wconf 81' lang='lat' dir='ltr'>Quae</span> <span class='ocrx_word' id='word_1_11' title='bbox 255 473 294 505; x_wconf 91' lang='lat' dir='ltr'>in</span> <span class='ocrx_word' id='word_1_12' title='bbox 309 474 439 506; x_wconf 90' lang='lat' dir='ltr'>fronte</span> <span class='ocrx_word' id='word_1_13' title='bbox 455 475 506 506; x_wconf 88' lang='lat' dir='ltr'>ad</span> <span class='ocrx_word' id='word_1_14' title='bbox 523 476 706 508; x_wconf 83' lang='lat' dir='ltr'>dextram</span> <span class='ocrx_word' id='word_1_15' title='bbox 723 486 861 509; x_wconf 90' lang='lat' dir='ltr'>aurern</span> 
     </span>
     <span class='ocr_line' id='line_1_5' title="bbox 139 527 476 560; baseline 0.003 -1"><span class='ocrx_word' id='word_1_16' title='bbox 139 527 183 559; x_wconf 93' lang='lat' dir='ltr'>In</span> <span class='ocrx_word' id='word_1_17' title='bbox 199 527 330 559; x_wconf 88' lang='lat' dir='ltr'>media</span> <span class='ocrx_word' id='word_1_18' title='bbox 346 527 476 560; x_wconf 85' lang='lat' dir='ltr'>fronte</span> 
     </span>
    </p>

    <p class='ocr_par' dir='ltr' id='par_1_5' title="bbox 139 580 599 619">
     <span class='ocr_line' id='line_1_6' title="bbox 139 580 599 619; baseline 0.004 -7"><span class='ocrx_word' id='word_1_19' title='bbox 139 580 239 619; x_wconf 83' lang='lat' dir='ltr'>Quae</span> <span class='ocrx_word' id='word_1_20' title='bbox 255 581 322 613; x_wconf 86' lang='lat' dir='ltr'>sub</span> <span class='ocrx_word' id='word_1_21' title='bbox 340 581 486 613; x_wconf 81' lang='lat' dir='ltr'>sinistra</span> <span class='ocrx_word' id='word_1_22' title='bbox 503 591 599 614; x_wconf 87' lang='lat' dir='ltr'>aure</span> 
     </span>
    </p>

    <p class='ocr_par' dir='ltr' id='par_1_6' title="bbox 139 634 301 667">
     <span class='ocr_line' id='line_1_7' title="bbox 139 634 301 667; baseline 0 -1"><span class='ocrx_word' id='word_1_23' title='bbox 139 634 183 666; x_wconf 94' lang='lat' dir='ltr'>In</span> <span class='ocrx_word' id='word_1_24' title='bbox 199 635 301 667; x_wconf 93' lang='lat' dir='ltr'>collo</span> 
     </span>
    </p>

    <p class='ocr_par' dir='ltr' id='par_1_7' title="bbox 139 687 896 833">
     <span class='ocr_line' id='line_1_8' title="bbox 139 687 896 730; baseline 0.003 -11"><span class='ocrx_word' id='word_1_25' title='bbox 139 687 182 719; x_wconf 93' lang='lat' dir='ltr'>In</span> <span class='ocrx_word' id='word_1_26' title='bbox 198 696 312 720; x_wconf 88' lang='lat' dir='ltr'>armo</span> <span class='ocrx_word' id='word_1_27' title='bbox 329 689 470 721; x_wconf 87' lang='lat' dir='ltr'>dextro</span> <span class='ocrx_word' id='word_1_28' title='bbox 488 689 732 721; x_wconf 86' lang='lat' dir='ltr'>anteriorum</span> <span class='ocrx_word' id='word_1_29' title='bbox 749 691 896 730; x_wconf 87' lang='lat' dir='ltr'>pedum</span> 
     </span>
     <span class='ocr_line' id='line_1_9' title="bbox 139 740 843 783; baseline 0.003 -10"><span class='ocrx_word' id='word_1_30' title='bbox 139 740 238 780; x_wconf 88' lang='lat' dir='ltr'>Quae</span> <span class='ocrx_word' id='word_1_31' title='bbox 254 741 293 773; x_wconf 90' lang='lat' dir='ltr'>in</span> <span class='ocrx_word' id='word_1_32' title='bbox 309 742 559 774; x_wconf 84' lang='lat' dir='ltr'>extremitate</span> <span class='ocrx_word' id='word_1_33' title='bbox 575 743 685 783; x_wconf 89' lang='lat' dir='ltr'>pedis</span> <span class='ocrx_word' id='word_1_34' title='bbox 702 744 843 783; x_wconf 88' lang='lat' dir='ltr'>prioris</span> 
     </span>
     <span class='ocr_line' id='line_1_10' title="bbox 139 794 424 833; baseline 0.004 -6"><span class='ocrx_word' id='word_1_35' title='bbox 139 794 238 833; x_wconf 85' lang='lat' dir='ltr'>Quae</span> <span class='ocrx_word' id='word_1_36' title='bbox 254 795 292 827; x_wconf 88' lang='lat' dir='ltr'>in</span> <span class='ocrx_word' id='word_1_37' title='bbox 309 795 424 828; x_wconf 89' lang='lat' dir='ltr'>dorso</span> 
     </span>
    </p>

    <p class='ocr_par' dir='ltr' id='par_1_8' title="bbox 139 848 501 890">
     <span class='ocr_line' id='line_1_11' title="bbox 139 848 501 890; baseline 0.003 -10"><span class='ocrx_word' id='word_1_38' title='bbox 139 848 271 880; x_wconf 88' lang='lat' dir='ltr'>Media</span> <span class='ocrx_word' id='word_1_39' title='bbox 286 848 326 880; x_wconf 93' lang='lat' dir='ltr'>in</span> <span class='ocrx_word' id='word_1_40' title='bbox 341 848 501 890; x_wconf 72' lang='lat' dir='ltr'>pedtore</span> 
     </span>
    </p>

    <p class='ocr_par' dir='ltr' id='par_1_9' title="bbox 139 901 445 940">
     <span class='ocr_line' id='line_1_12' title="bbox 139 901 445 940; baseline 0.003 -7"><span class='ocrx_word' id='word_1_41' title='bbox 139 901 238 940; x_wconf 81' lang='lat' dir='ltr'>Quae</span> <span class='ocrx_word' id='word_1_42' title='bbox 253 902 293 934; x_wconf 89' lang='lat' dir='ltr'>in</span> <span class='ocrx_word' id='word_1_43' title='bbox 308 905 445 934; x_wconf 91' lang='lat' dir='ltr'>ventre</span> 
     </span>
    </p>

    <p class='ocr_par' dir='ltr' id='par_1_10' title="bbox 138 955 855 1101">
     <span class='ocr_line' id='line_1_13' title="bbox 139 955 855 997; baseline 0.001 -10"><span class='ocrx_word' id='word_1_44' title='bbox 139 955 182 987; x_wconf 92' lang='lat' dir='ltr'>In</span> <span class='ocrx_word' id='word_1_45' title='bbox 197 958 334 987; x_wconf 88' lang='lat' dir='ltr'>ventre</span> <span class='ocrx_word' id='word_1_46' title='bbox 349 955 451 988; x_wconf 87' lang='lat' dir='ltr'>inter</span> <span class='ocrx_word' id='word_1_47' title='bbox 466 956 682 997; x_wconf 84' lang='lat' dir='ltr'>posteriora</span> <span class='ocrx_word' id='word_1_48' title='bbox 699 957 855 989; x_wconf 88' lang='lat' dir='ltr'>femora</span> 
     </span>
     <span class='ocr_line' id='line_1_14' title="bbox 138 1008 767 1050; baseline 0.003 -10"><span class='ocrx_word' id='word_1_49' title='bbox 138 1008 305 1041; x_wconf 87' lang='lat' dir='ltr'>Inferior</span> <span class='ocrx_word' id='word_1_50' title='bbox 319 1009 448 1041; x_wconf 85' lang='lat' dir='ltr'>dextri</span> <span class='ocrx_word' id='word_1_51' title='bbox 463 1010 573 1050; x_wconf 90' lang='lat' dir='ltr'>pedis</span> <span class='ocrx_word' id='word_1_52' title='bbox 589 1010 767 1050; x_wconf 90' lang='lat' dir='ltr'>priorum</span> 
     </span>
     <span class='ocr_line' id='line_1_15' title="bbox 138 1061 439 1101; baseline 0.003 -7"><span class='ocrx_word' id='word_1_53' title='bbox 138 1061 238 1101; x_wconf 85' lang='lat' dir='ltr'>Quae</span> <span class='ocrx_word' id='word_1_54' title='bbox 253 1063 293 1095; x_wconf 92' lang='lat' dir='ltr'>in</span> <span class='ocrx_word' id='word_1_55' title='bbox 308 1063 439 1095; x_wconf 86' lang='lat' dir='ltr'>cauda</span> 
     </span>
    </p>
   </div>
   <div class='ocr_carea' id='block_1_5' title="bbox 1158 482 1733 1104">
    <p class='ocr_par' dir='ltr' id='par_1_11' title="bbox 1158 482 1733 1104">
     <span class='ocr_line' id='line_1_16' title="bbox 1158 483 1200 1104; textangle 90"><span class='ocrx_word' id='word_1_56' title='bbox 1158 483 1200 1104; x_wconf 49' lang='grc' dir='ltr'>ΘΘΘΘΘΘΘθΘΘθΘ</span> 
     </span>
     <span class='ocr_line' id='line_1_17' title="bbox 1700 482 1733 1100; textangle 90"><span class='ocrx_word' id='word_1_57' title='bbox 1700 482 1733 1100; x_wconf 46' lang='lat' dir='ltr'>wwwwwwwwewm*</span> 
     </span>
    </p>
   </div>
   <div class='ocr_carea' id='block_1_6' title="bbox 1608 482 1642 1099">
    <p class='ocr_par' dir='ltr' id='par_1_12' title="bbox 1608 482 1642 1099">
     <span class='ocr_line' id='line_1_18' title="bbox 1608 482 1642 1099; textangle 90"><span class='ocrx_word' id='word_1_58' title='bbox 1608 482 1642 1099; x_wconf 66' lang='lat'>»»&gt;11&gt;11&gt;3&gt;51»»</span> 
     </span>
    </p>
   </div>
   <div class='ocr_carea' id='block_1_7' title="bbox 137 1152 794 1300">
    <p class='ocr_par' dir='ltr' id='par_1_13' title="bbox 137 1152 794 1300">
     <span class='ocr_line' id='line_1_19' title="bbox 449 1152 794 1185; baseline 0 -1"><span class='ocrx_word' id='word_1_59' title='bbox 449 1152 596 1184; x_wconf 85' lang='lat' dir='ltr'>CANIS</span> <span class='ocrx_word' id='word_1_60' title='bbox 618 1152 794 1185; x_wconf 91' lang='lat' dir='ltr'><strong>MINOR.</strong></span> 
     </span>
     <span class='ocr_line' id='line_1_20' title="bbox 137 1205 300 1238; baseline 0.006 -1"><span class='ocrx_word' id='word_1_61' title='bbox 137 1205 181 1237; x_wconf 87' lang='lat' dir='ltr'>In</span> <span class='ocrx_word' id='word_1_62' title='bbox 196 1206 300 1238; x_wconf 89' lang='lat' dir='ltr'>collo</span> 
     </span>
     <span class='ocr_line' id='line_1_21' title="bbox 138 1258 560 1300; baseline 0.005 -10"><span class='ocrx_word' id='word_1_63' title='bbox 138 1258 181 1290; x_wconf 90' lang='lat' dir='ltr'>In</span> <span class='ocrx_word' id='word_1_64' title='bbox 195 1258 362 1297; x_wconf 88' lang='lat' dir='ltr'>femore,</span> <span class='ocrx_word' id='word_1_65' title='bbox 378 1260 560 1300; x_wconf 85' lang='lat' dir='ltr'>Procyon</span> 
     </span>
    </p>
   </div>
   <div class='ocr_carea' id='block_1_8' title="bbox 1607 1211 1720 1295">
    <p class='ocr_par' dir='ltr' id='par_1_14' title="bbox 1607 1211 1720 1295">
     <span class='ocr_line' id='line_1_22' title="bbox 1607 1212 1639 1295; textangle 90"><span class='ocrx_word' id='word_1_66' title='bbox 1607 1212 1639 1295; x_wconf 73' lang='lat'>11»</span> 
     </span>
     <span class='ocr_line' id='line_1_23' title="bbox 1700 1211 1720 1243; textangle 90"><span class='ocrx_word' id='word_1_67' title='bbox 1700 1211 1720 1243; x_wconf 75' lang='grc' dir='ltr'><strong><em>ω</em></strong></span> 
     </span>
    </p>
   </div>
   <div class='ocr_carea' id='block_1_9' title="bbox 1158 1212 1731 1300">
    <p class='ocr_par' dir='ltr' id='par_1_15' title="bbox 1158 1212 1731 1300">
     <span class='ocr_line' id='line_1_24' title="bbox 1158 1212 1199 1300; textangle 90"><span class='ocrx_word' id='word_1_68' title='bbox 1158 1212 1199 1300; x_wconf 48' lang='lat' dir='ltr'>&lt;MD</span> 
     </span>
     <span class='ocr_line' id='line_1_25' title="bbox 1700 1237 1731 1296; textangle 90"><span class='ocrx_word' id='word_1_69' title='bbox 1700 1237 1731 1296; x_wconf 54' lang='lat' dir='ltr'>N.</span> 
     </span>
    </p>
   </div>
   <div class='ocr_carea' id='block_1_10' title="bbox 135 1349 707 1550">
    <p class='ocr_par' dir='ltr' id='par_1_16' title="bbox 135 1349 707 1550">
     <span class='ocr_line' id='line_1_26' title="bbox 532 1349 707 1380; baseline 0 0"><span class='ocrx_word' id='word_1_70' title='bbox 532 1349 707 1380; x_wconf 81' lang='lat' dir='ltr'><strong>ARGVS.</strong></span> 
     </span>
     <span class='ocr_line' id='line_1_27' title="bbox 138 1400 627 1443; baseline 0.002 -10"><span class='ocrx_word' id='word_1_71' title='bbox 138 1400 237 1440; x_wconf 83' lang='lat' dir='ltr'>Quae</span> <span class='ocrx_word' id='word_1_72' title='bbox 252 1401 291 1433; x_wconf 83' lang='lat' dir='ltr'>in</span> <span class='ocrx_word' id='word_1_73' title='bbox 307 1401 490 1443; x_wconf 86' lang='lat' dir='ltr'>suprema</span> <span class='ocrx_word' id='word_1_74' title='bbox 507 1403 627 1443; x_wconf 91' lang='lat' dir='ltr'>puppi</span> 
     </span>
     <span class='ocr_line' id='line_1_28' title="bbox 137 1454 606 1497; baseline 0.004 -11"><span class='ocrx_word' id='word_1_75' title='bbox 137 1454 330 1495; x_wconf 88' lang='lat' dir='ltr'>Suprema</span> <span class='ocrx_word' id='word_1_76' title='bbox 346 1456 477 1497; x_wconf 90' lang='lat' dir='ltr'>clypei</span> <span class='ocrx_word' id='word_1_77' title='bbox 492 1457 606 1488; x_wconf 90' lang='lat' dir='ltr'>nauis</span> 
     </span>
     <span class='ocr_line' id='line_1_29' title="bbox 135 1508 513 1550; baseline 0.003 -10"><span class='ocrx_word' id='word_1_78' title='bbox 135 1508 367 1541; x_wconf 79' lang='lat' dir='ltr'>Praecedens</span> <span class='ocrx_word' id='word_1_79' title='bbox 383 1510 513 1550; x_wconf 90' lang='lat' dir='ltr'>clypei</span> 
     </span>
    </p>
   </div>
   <div class='ocr_carea' id='block_1_11' title="bbox 1606 1407 1730 1545">
    <p class='ocr_par' dir='ltr' id='par_1_17' title="bbox 1606 1407 1730 1545">
     <span class='ocr_line' id='line_1_30' title="bbox 1606 1408 1640 1544; textangle 90"><span class='ocrx_word' id='word_1_80' title='bbox 1606 1408 1640 1544; x_wconf 68' lang='lat'>»&gt;</span> 
     </span>
     <span class='ocr_line' id='line_1_31' title="bbox 1700 1407 1730 1545; textangle 90"><span class='ocrx_word' id='word_1_81' title='bbox 1700 1407 1730 1545; x_wconf 49' lang='grc' dir='ltr'>ωςῳω</span> 
     </span>
    </p>
   </div>
   <div class='ocr_carea' id='block_1_12' title="bbox 79 1599 1060 2548">
    <p class='ocr_par' dir='ltr' id='par_1_18' title="bbox 79 1599 1060 2548">
     <span class='ocr_line' id='line_1_32' title="bbox 526 1599 714 1630; baseline 0 0"><span class='ocrx_word' id='word_1_82' title='bbox 526 1599 714 1630; x_wconf 87' lang='lat' dir='ltr'>HYDRA.</span> 
     </span>
     <span class='ocr_line' id='line_1_33' title="bbox 134 1651 564 1693; baseline 0 -9"><span class='ocrx_word' id='word_1_83' title='bbox 134 1651 366 1684; x_wconf 85' lang='lat' dir='ltr'>Praecedens</span> <span class='ocrx_word' id='word_1_84' title='bbox 382 1652 420 1684; x_wconf 91' lang='lat' dir='ltr'>in</span> <span class='ocrx_word' id='word_1_85' title='bbox 435 1652 564 1693; x_wconf 89' lang='lat' dir='ltr'>capite</span> 
     </span>
     <span class='ocr_line' id='line_1_34' title="bbox 79 1703 761 1746; baseline 0.001 -10"><span class='ocrx_word' id='word_1_86' title='bbox 79 1708 90 1722; x_wconf 78' lang='lat'><em>‘</em></span> <span class='ocrx_word' id='word_1_87' title='bbox 135 1703 261 1746; x_wconf 89' lang='lat' dir='ltr'>Supra</span> <span class='ocrx_word' id='word_1_88' title='bbox 277 1705 450 1746; x_wconf 88' lang='lat' dir='ltr'>primam</span> <span class='ocrx_word' id='word_1_89' title='bbox 467 1706 518 1738; x_wconf 91' lang='lat' dir='ltr'>ad</span> <span class='ocrx_word' id='word_1_90' title='bbox 535 1706 761 1746; x_wconf 86' lang='lat' dir='ltr'>aquilonem</span> 
     </span>
     <span class='ocr_line' id='line_1_35' title="bbox 136 1757 574 1800; baseline 0.005 -10"><span class='ocrx_word' id='word_1_91' title='bbox 136 1757 337 1792; x_wconf 88' lang='lat' dir='ltr'>Borealior</span> <span class='ocrx_word' id='word_1_92' title='bbox 351 1759 390 1791; x_wconf 88' lang='lat' dir='ltr'>in</span> <span class='ocrx_word' id='word_1_93' title='bbox 406 1759 574 1800; x_wconf 90' lang='lat' dir='ltr'>occipite</span> 
     </span>
     <span class='ocr_line' id='line_1_36' title="bbox 135 1811 797 1853; baseline 0.002 -10"><span class='ocrx_word' id='word_1_94' title='bbox 135 1811 234 1850; x_wconf 84' lang='lat' dir='ltr'>Quae</span> <span class='ocrx_word' id='word_1_95' title='bbox 248 1812 407 1845; x_wconf 88' lang='lat' dir='ltr'>tertiam</span> <span class='ocrx_word' id='word_1_96' title='bbox 423 1813 474 1845; x_wconf 92' lang='lat' dir='ltr'>ad</span> <span class='ocrx_word' id='word_1_97' title='bbox 491 1813 665 1845; x_wconf 82' lang='lat' dir='ltr'>austrum</span> <span class='ocrx_word' id='word_1_98' title='bbox 683 1813 797 1853; x_wconf 83' lang='lat' dir='ltr'>praeit</span> 
     </span>
     <span class='ocr_line' id='line_1_37' title="bbox 135 1864 770 1908; baseline 0.002 -11"><span class='ocrx_word' id='word_1_99' title='bbox 135 1864 324 1898; x_wconf 89' lang='lat' dir='ltr'>Omnium</span> <span class='ocrx_word' id='word_1_100' title='bbox 339 1866 378 1898; x_wconf 90' lang='lat' dir='ltr'>in</span> <span class='ocrx_word' id='word_1_101' title='bbox 394 1867 524 1908; x_wconf 86' lang='lat' dir='ltr'>capite</span> <span class='ocrx_word' id='word_1_102' title='bbox 541 1867 770 1899; x_wconf 83' lang='lat' dir='ltr'>orientaliox·</span> 
     </span>
     <span class='ocr_line' id='line_1_38' title="bbox 135 1918 615 1961; baseline 0.002 -10"><span class='ocrx_word' id='word_1_103' title='bbox 135 1918 233 1957; x_wconf 86' lang='lat' dir='ltr'>Quae</span> <span class='ocrx_word' id='word_1_104' title='bbox 248 1919 287 1951; x_wconf 83' lang='lat' dir='ltr'>in</span> <span class='ocrx_word' id='word_1_105' title='bbox 303 1920 406 1953; x_wconf 93' lang='lat' dir='ltr'>collo</span> <span class='ocrx_word' id='word_1_106' title='bbox 423 1921 615 1961; x_wconf 85' lang='lat' dir='ltr'>praecedit</span> 
     </span>
     <span class='ocr_line' id='line_1_39' title="bbox 135 1971 693 2013; baseline 0.004 -10"><span class='ocrx_word' id='word_1_107' title='bbox 135 1971 308 2013; x_wconf 90' lang='lat' dir='ltr'>Sequens</span> <span class='ocrx_word' id='word_1_108' title='bbox 323 1973 362 2005; x_wconf 91' lang='lat' dir='ltr'>in</span> <span class='ocrx_word' id='word_1_109' title='bbox 378 1973 585 2006; x_wconf 67' lang='lat' dir='ltr'>eductione</span> <span class='ocrx_word' id='word_1_110' title='bbox 602 1974 693 2006; x_wconf 90' lang='lat' dir='ltr'>colli</span> 
     </span>
     <span class='ocr_line' id='line_1_40' title="bbox 135 2025 987 2068; baseline 0.001 -11"><span class='ocrx_word' id='word_1_111' title='bbox 135 2025 266 2058; x_wconf 86' lang='lat' dir='ltr'>Media</span> <span class='ocrx_word' id='word_1_112' title='bbox 282 2027 383 2065; x_wconf 91' lang='lat' dir='ltr'>colli,</span> <span class='ocrx_word' id='word_1_113' title='bbox 401 2028 431 2059; x_wconf 68' lang='lat'>81</span> <span class='ocrx_word' id='word_1_114' title='bbox 447 2028 680 2068; x_wconf 71' lang='lat' dir='ltr'>praecedens</span> <span class='ocrx_word' id='word_1_115' title='bbox 696 2027 815 2058; x_wconf 89' lang='lat' dir='ltr'>trium</span> <span class='ocrx_word' id='word_1_116' title='bbox 832 2027 869 2058; x_wconf 89' lang='lat' dir='ltr'>in</span> <span class='ocrx_word' id='word_1_117' title='bbox 886 2035 987 2058; x_wconf 83' lang='lat' dir='ltr'>nexu</span> 
     </span>
     <span class='ocr_line' id='line_1_41' title="bbox 134 2078 676 2113; baseline 0.002 -2"><span class='ocrx_word' id='word_1_118' title='bbox 134 2078 258 2112; x_wconf 86' lang='lat' dir='ltr'>Borea</span> <span class='ocrx_word' id='word_1_119' title='bbox 273 2080 393 2112; x_wconf 89' lang='lat' dir='ltr'>trium</span> <span class='ocrx_word' id='word_1_120' title='bbox 409 2081 448 2112; x_wconf 90' lang='lat' dir='ltr'>in</span> <span class='ocrx_word' id='word_1_121' title='bbox 463 2081 569 2113; x_wconf 86' lang='lat' dir='ltr'>flexu</span> <span class='ocrx_word' id='word_1_122' title='bbox 586 2081 676 2113; x_wconf 87' lang='lat' dir='ltr'>colli</span> 
     </span>
     <span class='ocr_line' id='line_1_42' title="bbox 133 2132 494 2166; baseline 0.008 -3"><span class='ocrx_word' id='word_1_123' title='bbox 133 2132 320 2166; x_wconf 79' lang='lat' dir='ltr'>Australis</span> <span class='ocrx_word' id='word_1_124' title='bbox 336 2134 374 2166; x_wconf 91' lang='lat' dir='ltr'>in</span> <span class='ocrx_word' id='word_1_125' title='bbox 390 2143 494 2166; x_wconf 84' lang='lat' dir='ltr'>nexu</span> 
     </span>
     <span class='ocr_line' id='line_1_43' title="bbox 134 2185 656 2228; baseline 0.002 -10"><span class='ocrx_word' id='word_1_126' title='bbox 134 2185 285 2219; x_wconf 88' lang='lat' dir='ltr'>Lucida</span> <span class='ocrx_word' id='word_1_127' title='bbox 302 2187 466 2228; x_wconf 81' lang='lat' dir='ltr'>Hydrae,</span> <span class='ocrx_word' id='word_1_128' title='bbox 485 2188 563 2219; x_wconf 73' lang='lat' dir='ltr'>siue</span> <span class='ocrx_word' id='word_1_129' title='bbox 580 2188 656 2220; x_wconf 91' lang='lat' dir='ltr'>Cor</span> 
     </span>
     <span class='ocr_line' id='line_1_44' title="bbox 133 2238 710 2281; baseline 0.003 -10"><span class='ocrx_word' id='word_1_130' title='bbox 133 2238 233 2277; x_wconf 86' lang='lat' dir='ltr'>Quae</span> <span class='ocrx_word' id='word_1_131' title='bbox 248 2241 430 2281; x_wconf 80' lang='lat' dir='ltr'>proxime</span> <span class='ocrx_word' id='word_1_132' title='bbox 446 2242 523 2273; x_wconf 91' lang='lat' dir='ltr'>Cor</span> <span class='ocrx_word' id='word_1_133' title='bbox 538 2241 710 2281; x_wconf 89' lang='lat' dir='ltr'>sequitur</span> 
     </span>
     <span class='ocr_line' id='line_1_45' title="bbox 133 2291 697 2335; baseline 0.004 -11"><span class='ocrx_word' id='word_1_134' title='bbox 133 2291 232 2330; x_wconf 83' lang='lat' dir='ltr'>Quae</span> <span class='ocrx_word' id='word_1_135' title='bbox 247 2293 351 2326; x_wconf 89' lang='lat' dir='ltr'>hanc</span> <span class='ocrx_word' id='word_1_136' title='bbox 368 2294 509 2327; x_wconf 86' lang='lat' dir='ltr'>deinde</span> <span class='ocrx_word' id='word_1_137' title='bbox 527 2295 697 2335; x_wconf 88' lang='lat' dir='ltr'>sequitur</span> 
     </span>
     <span class='ocr_line' id='line_1_46' title="bbox 132 2345 1060 2389; baseline 0.002 -12"><span class='ocrx_word' id='word_1_138' title='bbox 132 2345 363 2380; x_wconf 87' lang='lat' dir='ltr'>Praecedens</span> <span class='ocrx_word' id='word_1_139' title='bbox 379 2357 428 2380; x_wconf 86' lang='lat' dir='ltr'>ex</span> <span class='ocrx_word' id='word_1_140' title='bbox 445 2348 599 2380; x_wconf 88' lang='lat' dir='ltr'>duabus</span> <span class='ocrx_word' id='word_1_141' title='bbox 616 2348 808 2389; x_wconf 89' lang='lat' dir='ltr'>contiguis</span> <span class='ocrx_word' id='word_1_142' title='bbox 825 2348 939 2388; x_wconf 89' lang='lat' dir='ltr'>supra</span> <span class='ocrx_word' id='word_1_143' title='bbox 956 2348 1060 2379; x_wconf 88' lang='lat' dir='ltr'>hanc</span> 
     </span>
     <span class='ocr_line' id='line_1_47' title="bbox 133 2397 542 2440; baseline 0.007 -10"><span class='ocrx_word' id='word_1_144' title='bbox 133 2397 307 2440; x_wconf 88' lang='lat' dir='ltr'>Sequens</span> <span class='ocrx_word' id='word_1_145' title='bbox 323 2402 542 2433; x_wconf 87' lang='lat' dir='ltr'>earundem</span> 
     </span>
     <span class='ocr_line' id='line_1_48' title="bbox 133 2451 631 2495; baseline 0.004 -11"><span class='ocrx_word' id='word_1_146' title='bbox 133 2451 231 2491; x_wconf 86' lang='lat' dir='ltr'>Quae</span> <span class='ocrx_word' id='word_1_147' title='bbox 248 2463 271 2485; x_wconf 86' lang='lat' dir='ltr'>a</span> <span class='ocrx_word' id='word_1_148' title='bbox 287 2455 409 2486; x_wconf 89' lang='lat' dir='ltr'>corde</span> <span class='ocrx_word' id='word_1_149' title='bbox 426 2455 562 2495; x_wconf 87' lang='lat' dir='ltr'>quinta</span> <span class='ocrx_word' id='word_1_150' title='bbox 578 2455 631 2486; x_wconf 89' lang='lat' dir='ltr'>est</span> 
     </span>
     <span class='ocr_line' id='line_1_49' title="bbox 132 2505 975 2548; baseline 0.001 -10"><span class='ocrx_word' id='word_1_151' title='bbox 132 2505 231 2544; x_wconf 79' lang='lat' dir='ltr'>Quae</span> <span class='ocrx_word' id='word_1_152' title='bbox 247 2507 285 2538; x_wconf 85' lang='lat' dir='ltr'>in</span> <span class='ocrx_word' id='word_1_153' title='bbox 301 2507 407 2540; x_wconf 59' lang='lat' dir='ltr'>recta</span> <span class='ocrx_word' id='word_1_154' title='bbox 424 2508 525 2540; x_wconf 90' lang='lat' dir='ltr'>linea</span> <span class='ocrx_word' id='word_1_155' title='bbox 542 2517 635 2540; x_wconf 89' lang='lat' dir='ltr'>cum</span> <span class='ocrx_word' id='word_1_156' title='bbox 652 2508 728 2540; x_wconf 90' lang='lat' dir='ltr'>hac</span> <span class='ocrx_word' id='word_1_157' title='bbox 746 2508 774 2538; x_wconf 83' lang='grc' dir='ltr'>8ι</span> <span class='ocrx_word' id='word_1_158' title='bbox 793 2508 975 2548; x_wconf 87' lang='lat' dir='ltr'>sequente</span> 
     </span>
    </p>
   </div>
   <div class='ocr_carea' id='block_1_13' title="bbox 1603 1657 1728 2540">
    <p class='ocr_par' dir='ltr' id='par_1_19' title="bbox 1603 1657 1728 2540">
     <span class='ocr_line' id='line_1_50' title="bbox 1603 1657 1638 2540; textangle 90"><span class='ocrx_word' id='word_1_159' title='bbox 1603 1657 1638 2540; x_wconf 67' lang='lat'>»»»»»»»&gt;3»</span> 
     </span>
     <span class='ocr_line' id='line_1_51' title="bbox 1697 1657 1728 2487; textangle 90"><span class='ocrx_word' id='word_1_160' title='bbox 1697 1657 1728 2487; x_wconf 38' lang='grc' dir='ltr'>-μ-ειωυι-ε-ῇυι-ειυι-εια-μυιῲιμυι</span> 
     </span>
    </p>
   </div>
   <div class='ocr_carea' id='block_1_14' title="bbox 1696 2511 1726 2540">
    <p class='ocr_par' dir='ltr' id='par_1_20' title="bbox 1696 2511 1726 2540">
     <span class='ocr_line' id='line_1_52' title="bbox 1696 2511 1726 2540; textangle 90"><span class='ocrx_word' id='word_1_161' title='bbox 1696 2511 1726 2540; x_wconf 65' lang='lat'>‚0¹</span> 
     </span>
    </p>
   </div>
   <div class='ocr_carea' id='block_1_15' title="bbox 10 315 1786 2580">
    <p class='ocr_par' dir='ltr' id='par_1_21' title="bbox 10 315 1786 2580">
     <span class='ocr_line' id='line_1_53' title="bbox 10 315 1786 2580; baseline 0 0"><span class='ocrx_word' id='word_1_162' title='bbox 10 315 1786 2580; x_wconf 95' lang='lat' dir='ltr'> </span> 
     </span>
    </p>
   </div>
   <div class='ocr_carea' id='block_1_16' title="bbox 1571 2582 1753 2620">
    <p class='ocr_par' dir='ltr' id='par_1_22' title="bbox 1571 2582 1753 2620">
     <span class='ocr_line' id='line_1_54' title="bbox 1571 2582 1753 2620; baseline -0.011 0"><span class='ocrx_word' id='word_1_163' title='bbox 1571 2582 1753 2620; x_wconf 86' lang='lat' dir='ltr'>Cratera</span> 
     </span>
    </p>
   </div>
  </div>
 </body>
</html>
