<?xml version="1.0" encoding="UTF-8"?>
<!DOCTYPE html PUBLIC "-//W3C//DTD XHTML 1.0 Transitional//EN"
    "http://www.w3.org/TR/xhtml1/DTD/xhtml1-transitional.dtd">
<html xmlns="http://www.w3.org/1999/xhtml" xml:lang="en" lang="en">
 <head>
  <title>
</title>
<meta http-equiv="Content-Type" content="text/html;charset=utf-8" />
  <meta name='ocr-system' content='tesseract 3.04.00' />
  <meta name='ocr-capabilities' content='ocr_page ocr_carea ocr_par ocr_line ocrx_word'/>
</head>
<body>
  <div class='ocr_page' id='page_1' title='image "./operaomniaedidit02brahuoft/operaomniaedidit02brahuoft_0171.png"; bbox 0 0 2164 3246; ppageno 0'>
   <div class='ocr_carea' id='block_1_1' title="bbox 403 206 1754 252">
    <p class='ocr_par' dir='ltr' id='par_1_1' title="bbox 403 206 1754 252">
     <span class='ocr_line' id='line_1_1' title="bbox 403 206 1754 252; baseline 0.006 -8"><span class='ocrx_word' id='word_1_1' title='bbox 403 206 1062 246; x_wconf 87' lang='lat' dir='ltr'>PROGYMNASMATUM</span> <span class='ocrx_word' id='word_1_2' title='bbox 1084 208 1286 248; x_wconf 82' lang='lat' dir='ltr'><strong>PRIMA</strong></span> <span class='ocrx_word' id='word_1_3' title='bbox 1307 211 1458 250; x_wconf 87' lang='lat' dir='ltr'><strong>PARS</strong></span> <span class='ocrx_word' id='word_1_4' title='bbox 1687 215 1754 252; x_wconf 88' lang='grc'>157</span> 
     </span>
    </p>
   </div>
   <div class='ocr_carea' id='block_1_2' title="bbox 31 313 1757 2501">
    <p class='ocr_par' dir='ltr' id='par_1_2' title="bbox 57 313 1757 468">
     <span class='ocr_line' id='line_1_2' title="bbox 57 313 1756 368; baseline 0.002 -13"><span class='ocrx_word' id='word_1_5' title='bbox 57 325 78 357; x_wconf 80' lang='lat'>·1·</span> <span class='ocrx_word' id='word_1_6' title='bbox 113 315 242 355; x_wconf 89' lang='lat' dir='ltr'>Libro</span> <span class='ocrx_word' id='word_1_7' title='bbox 261 313 435 362; x_wconf 91' lang='lat' dir='ltr'>patebit,</span> <span class='ocrx_word' id='word_1_8' title='bbox 456 313 569 351; x_wconf 91' lang='lat' dir='ltr'>adeo</span> <span class='ocrx_word' id='word_1_9' title='bbox 589 313 769 361; x_wconf 86' lang='lat' dir='ltr'>praecisa</span> <span class='ocrx_word' id='word_1_10' title='bbox 789 320 920 361; x_wconf 92' lang='lat' dir='ltr'>atque</span> <span class='ocrx_word' id='word_1_11' title='bbox 939 314 1112 352; x_wconf 86' lang='lat' dir='ltr'>Coelesti</span> <span class='ocrx_word' id='word_1_12' title='bbox 1131 327 1300 355; x_wconf 75' lang='lat' dir='ltr'>normae</span> <span class='ocrx_word' id='word_1_13' title='bbox 1317 321 1437 356; x_wconf 92' lang='lat' dir='ltr'>omni</span> <span class='ocrx_word' id='word_1_14' title='bbox 1454 325 1648 366; x_wconf 89' lang='lat' dir='ltr'>tempore</span> <span class='ocrx_word' id='word_1_15' title='bbox 1665 332 1756 368; x_wconf 90' lang='lat' dir='ltr'>per-</span> 
     </span>
     <span class='ocr_line' id='line_1_3' title="bbox 112 365 1757 420; baseline 0.003 -13"><span class='ocrx_word' id='word_1_16' title='bbox 112 374 242 418; x_wconf 91' lang='lat' dir='ltr'>petuo</span> <span class='ocrx_word' id='word_1_17' title='bbox 263 367 302 406; x_wconf 87' lang='lat'>&amp;</span> <span class='ocrx_word' id='word_1_18' title='bbox 323 366 486 414; x_wconf 86' lang='lat' dir='ltr'>aequali</span> <span class='ocrx_word' id='word_1_19' title='bbox 509 365 640 406; x_wconf 73' lang='lat' dir='ltr'>duetu</span> <span class='ocrx_word' id='word_1_20' title='bbox 663 367 1057 415; x_wconf 84' lang='lat' dir='ltr'>correspondentia,</span> <span class='ocrx_word' id='word_1_21' title='bbox 1082 368 1176 407; x_wconf 84' lang='lat' dir='ltr'>haec</span> <span class='ocrx_word' id='word_1_22' title='bbox 1201 371 1275 408; x_wconf 90' lang='lat' dir='ltr'>esse</span> <span class='ocrx_word' id='word_1_23' title='bbox 1299 378 1534 418; x_wconf 83' lang='lat' dir='ltr'>nequeunt.</span> <span class='ocrx_word' id='word_1_24' title='bbox 1559 379 1688 420; x_wconf 88' lang='lat' dir='ltr'>atque</span> <span class='ocrx_word' id='word_1_25' title='bbox 1714 376 1757 412; x_wconf 92' lang='lat' dir='ltr'>in</span> 
     </span>
     <span class='ocr_line' id='line_1_4' title="bbox 112 420 929 468; baseline -0.004 -7"><span class='ocrx_word' id='word_1_26' title='bbox 112 428 201 461; x_wconf 85' lang='lat' dir='ltr'>tam</span> <span class='ocrx_word' id='word_1_27' title='bbox 215 420 357 459; x_wconf 89' lang='lat' dir='ltr'>subtili</span> <span class='ocrx_word' id='word_1_28' title='bbox 371 422 548 468; x_wconf 91' lang='lat' dir='ltr'>negotio</span> <span class='ocrx_word' id='word_1_29' title='bbox 564 421 847 459; x_wconf 87' lang='lat' dir='ltr'>necessarium</span> <span class='ocrx_word' id='word_1_30' title='bbox 863 420 929 459; x_wconf 82' lang='lat' dir='ltr'>est.</span> 
     </span>
    </p>

    <p class='ocr_par' dir='ltr' id='par_1_3' title="bbox 163 472 1756 525">
     <span class='ocr_line' id='line_1_5' title="bbox 163 472 1756 525; baseline 0.003 -11"><span class='ocrx_word' id='word_1_31' title='bbox 163 474 283 514; x_wconf 88' lang='lat' dir='ltr'>Nam</span> <span class='ocrx_word' id='word_1_32' title='bbox 299 472 596 521; x_wconf 92' lang='lat' dir='ltr'>cuiuscunque</span> <span class='ocrx_word' id='word_1_33' title='bbox 611 474 791 512; x_wconf 89' lang='lat' dir='ltr'>tandem</span> <span class='ocrx_word' id='word_1_34' title='bbox 806 474 970 512; x_wconf 87' lang='lat' dir='ltr'>solertis</span> <span class='ocrx_word' id='word_1_35' title='bbox 983 474 1173 513; x_wconf 86' lang='lat' dir='ltr'>Artificis</span> <span class='ocrx_word' id='word_1_36' title='bbox 1186 476 1435 515; x_wconf 89' lang='lat' dir='ltr'>Mechanici</span> <span class='ocrx_word' id='word_1_37' title='bbox 1453 490 1586 525; x_wconf 88' lang='lat' dir='ltr'>opera</span> <span class='ocrx_word' id='word_1_38' title='bbox 1603 479 1639 516; x_wconf 99' lang='grc'>8(</span> <span class='ocrx_word' id='word_1_39' title='bbox 1657 480 1756 518; x_wconf 81' lang='lat' dir='ltr'>dex-</span> 
     </span>
    </p>

    <p class='ocr_par' dir='ltr' id='par_1_4' title="bbox 32 526 1756 1058">
     <span class='ocr_line' id='line_1_6' title="bbox 61 526 1755 575; baseline 0.001 -6"><span class='ocrx_word' id='word_1_40' title='bbox 61 543 78 569; x_wconf 84' lang='lat'>⁵</span> <span class='ocrx_word' id='word_1_41' title='bbox 111 530 276 568; x_wconf 88' lang='lat' dir='ltr'>teritate</span> <span class='ocrx_word' id='word_1_42' title='bbox 285 526 532 575; x_wconf 88' lang='lat' dir='ltr'>Horologia</span> <span class='ocrx_word' id='word_1_43' title='bbox 543 527 619 565; x_wconf 90' lang='lat' dir='ltr'>illa</span> <span class='ocrx_word' id='word_1_44' title='bbox 631 527 945 571; x_wconf 82' lang='lat' dir='ltr'>construantur,</span> <span class='ocrx_word' id='word_1_45' title='bbox 958 534 1106 566; x_wconf 88' lang='lat' dir='ltr'>tamen</span> <span class='ocrx_word' id='word_1_46' title='bbox 1118 529 1172 566; x_wconf 92' lang='lat' dir='ltr'>ob</span> <span class='ocrx_word' id='word_1_47' title='bbox 1180 531 1307 567; x_wconf 78' lang='lat' dir='ltr'>Aeris</span> <span class='ocrx_word' id='word_1_48' title='bbox 1320 530 1605 569; x_wconf 87' lang='lat' dir='ltr'>&amp;Ventorum</span> <span class='ocrx_word' id='word_1_49' title='bbox 1618 536 1755 571; x_wconf 88' lang='lat' dir='ltr'>varia-</span> 
     </span>
     <span class='ocr_line' id='line_1_7' title="bbox 111 579 1756 629; baseline 0.002 -8"><span class='ocrx_word' id='word_1_50' title='bbox 111 584 276 622; x_wconf 86' lang='lat' dir='ltr'>tionem</span> <span class='ocrx_word' id='word_1_51' title='bbox 296 582 532 618; x_wconf 89' lang='lat' dir='ltr'>mutationi</span> <span class='ocrx_word' id='word_1_52' title='bbox 554 579 650 618; x_wconf 92' lang='lat' dir='ltr'>sunt</span> <span class='ocrx_word' id='word_1_53' title='bbox 673 581 883 624; x_wconf 80' lang='lat' dir='ltr'>obnoxia:</span> <span class='ocrx_word' id='word_1_54' title='bbox 910 593 990 619; x_wconf 90' lang='lat' dir='ltr'>nec</span> <span class='ocrx_word' id='word_1_55' title='bbox 1012 581 1110 619; x_wconf 89' lang='lat' dir='ltr'>satis</span> <span class='ocrx_word' id='word_1_56' title='bbox 1134 582 1235 620; x_wconf 89' lang='lat' dir='ltr'>huic</span> <span class='ocrx_word' id='word_1_57' title='bbox 1258 586 1431 622; x_wconf 86' lang='lat' dir='ltr'>iniuriae</span> <span class='ocrx_word' id='word_1_58' title='bbox 1456 588 1704 629; x_wconf 83' lang='lat' dir='ltr'>occurritur,</span> <span class='ocrx_word' id='word_1_59' title='bbox 1729 587 1756 624; x_wconf 85' lang='lat' dir='ltr'>fi</span> 
     </span>
     <span class='ocr_line' id='line_1_8' title="bbox 112 634 1756 685; baseline 0.002 -11"><span class='ocrx_word' id='word_1_60' title='bbox 112 634 308 685; x_wconf 86' lang='lat' dir='ltr'>hyberno</span> <span class='ocrx_word' id='word_1_61' title='bbox 327 639 525 682; x_wconf 92' lang='lat' dir='ltr'>tempore</span> <span class='ocrx_word' id='word_1_62' title='bbox 543 636 589 671; x_wconf 91' lang='lat' dir='ltr'>in</span> <span class='ocrx_word' id='word_1_63' title='bbox 604 637 841 682; x_wconf 86' lang='lat' dir='ltr'>vaporario</span> <span class='ocrx_word' id='word_1_64' title='bbox 862 635 1025 681; x_wconf 81' lang='lat' dir='ltr'>aliquo,</span> <span class='ocrx_word' id='word_1_65' title='bbox 1048 637 1179 673; x_wconf 91' lang='lat' dir='ltr'>etiam</span> <span class='ocrx_word' id='word_1_66' title='bbox 1200 637 1361 683; x_wconf 84' lang='lat' dir='ltr'>aequali</span> <span class='ocrx_word' id='word_1_67' title='bbox 1383 639 1528 684; x_wconf 91' lang='lat' dir='ltr'>quoad</span> <span class='ocrx_word' id='word_1_68' title='bbox 1551 641 1642 676; x_wconf 90' lang='lat' dir='ltr'>eius</span> <span class='ocrx_word' id='word_1_69' title='bbox 1664 639 1756 677; x_wconf 87' lang='lat' dir='ltr'>fieri</span> 
     </span>
     <span class='ocr_line' id='line_1_9' title="bbox 111 686 1756 738; baseline 0.002 -11"><span class='ocrx_word' id='word_1_70' title='bbox 111 687 254 738; x_wconf 81' lang='lat' dir='ltr'>potest,</span> <span class='ocrx_word' id='word_1_71' title='bbox 275 687 421 726; x_wconf 79' lang='lat' dir='ltr'>calore</span> <span class='ocrx_word' id='word_1_72' title='bbox 437 686 766 725; x_wconf 91' lang='lat' dir='ltr'>conseruentur:</span> <span class='ocrx_word' id='word_1_73' title='bbox 788 699 864 736; x_wconf 91' lang='lat' dir='ltr'>per</span> <span class='ocrx_word' id='word_1_74' title='bbox 884 687 924 725; x_wconf 90' lang='lat' dir='ltr'>se</span> <span class='ocrx_word' id='word_1_75' title='bbox 942 699 1118 735; x_wconf 92' lang='lat' dir='ltr'>quoque</span> <span class='ocrx_word' id='word_1_76' title='bbox 1138 688 1328 733; x_wconf 83' lang='lat' dir='ltr'><strong>subinde,</strong></span> <span class='ocrx_word' id='word_1_77' title='bbox 1346 698 1434 728; x_wconf 86' lang='lat' dir='ltr'>vtvt</span> <span class='ocrx_word' id='word_1_78' title='bbox 1451 691 1504 728; x_wconf 92' lang='lat' dir='ltr'>ab</span> <span class='ocrx_word' id='word_1_79' title='bbox 1522 693 1643 729; x_wconf 88' lang='lat' dir='ltr'>initio</span> <span class='ocrx_word' id='word_1_80' title='bbox 1661 692 1756 730; x_wconf 90' lang='lat' dir='ltr'>satis</span> 
     </span>
     <span class='ocr_line' id='line_1_10' title="bbox 32 737 1755 792; baseline 0.001 -10"><span class='ocrx_word' id='word_1_81' title='bbox 32 748 91 782; x_wconf 75' lang='lat'>149</span> <span class='ocrx_word' id='word_1_82' title='bbox 112 737 371 792; x_wconf 62' lang='lat' dir='ltr'>dili-{genter</span> <span class='ocrx_word' id='word_1_83' title='bbox 392 740 641 789; x_wconf 81' lang='lat' dir='ltr'>composita,</span> <span class='ocrx_word' id='word_1_84' title='bbox 665 741 971 779; x_wconf 86' lang='lat' dir='ltr'>alterationem</span> <span class='ocrx_word' id='word_1_85' title='bbox 993 742 1189 789; x_wconf 85' lang='lat' dir='ltr'>aliquam</span> <span class='ocrx_word' id='word_1_86' title='bbox 1210 745 1342 791; x_wconf 90' lang='lat' dir='ltr'>varijs</span> <span class='ocrx_word' id='word_1_87' title='bbox 1363 744 1414 781; x_wconf 94' lang='lat' dir='ltr'>de</span> <span class='ocrx_word' id='word_1_88' title='bbox 1437 744 1583 786; x_wconf 76' lang='lat' dir='ltr'>causis,</span> <span class='ocrx_word' id='word_1_89' title='bbox 1605 745 1755 783; x_wconf 84' lang='lat' dir='ltr'>admit-</span> 
     </span>
     <span class='ocr_line' id='line_1_11' title="bbox 48 793 1755 844; baseline 0.001 -9"><span class='ocrx_word' id='word_1_90' title='bbox 48 808 80 835; x_wconf 84' lang='grc' dir='ltr'>ιο</span> <span class='ocrx_word' id='word_1_91' title='bbox 112 796 257 835; x_wconf 88' lang='lat' dir='ltr'>tentia.</span> <span class='ocrx_word' id='word_1_92' title='bbox 277 794 329 832; x_wconf 89' lang='lat' dir='ltr'>Et</span> <span class='ocrx_word' id='word_1_93' title='bbox 348 793 475 832; x_wconf 83' lang='lat' dir='ltr'>facile</span> <span class='ocrx_word' id='word_1_94' title='bbox 494 793 591 832; x_wconf 91' lang='lat' dir='ltr'>fieri</span> <span class='ocrx_word' id='word_1_95' title='bbox 611 794 756 842; x_wconf 84' lang='lat' dir='ltr'>potest,</span> <span class='ocrx_word' id='word_1_96' title='bbox 773 800 817 832; x_wconf 89' lang='lat' dir='ltr'>vt</span> <span class='ocrx_word' id='word_1_97' title='bbox 833 795 1041 832; x_wconf 85' lang='lat' dir='ltr'>denticuli</span> <span class='ocrx_word' id='word_1_98' title='bbox 1057 795 1224 842; x_wconf 85' lang='lat' dir='ltr'>aliquot</span> <span class='ocrx_word' id='word_1_99' title='bbox 1240 804 1314 834; x_wconf 91' lang='lat' dir='ltr'>aut</span> <span class='ocrx_word' id='word_1_100' title='bbox 1331 797 1485 835; x_wconf 85' lang='lat' dir='ltr'>rotulae</span> <span class='ocrx_word' id='word_1_101' title='bbox 1503 799 1694 844; x_wconf 90' lang='lat' dir='ltr'>quodam</span> <span class='ocrx_word' id='word_1_102' title='bbox 1712 801 1755 836; x_wconf 90' lang='lat' dir='ltr'>in</span> 
     </span>
     <span class='ocr_line' id='line_1_12' title="bbox 112 847 1755 897; baseline 0.001 -9"><span class='ocrx_word' id='word_1_103' title='bbox 112 849 209 888; x_wconf 89' lang='lat' dir='ltr'>loco</span> <span class='ocrx_word' id='word_1_104' title='bbox 218 847 420 896; x_wconf 80' lang='lat' dir='ltr'>dispares,</span> <span class='ocrx_word' id='word_1_105' title='bbox 429 847 713 886; x_wconf 86' lang='lat' dir='ltr'>harmoniam</span> <span class='ocrx_word' id='word_1_106' title='bbox 721 854 868 886; x_wconf 93' lang='lat' dir='ltr'>motus</span> <span class='ocrx_word' id='word_1_107' title='bbox 878 850 1084 886; x_wconf 86' lang='lat' dir='ltr'>continue</span> <span class='ocrx_word' id='word_1_108' title='bbox 1095 850 1314 896; x_wconf 83' lang='lat' dir='ltr'>aequalem</span> <span class='ocrx_word' id='word_1_109' title='bbox 1326 849 1362 887; x_wconf 90' lang='grc'>8(</span> <span class='ocrx_word' id='word_1_110' title='bbox 1373 852 1755 897; x_wconf 84' lang='lat' dir='ltr'>proportionalem.</span> 
     </span>
     <span class='ocr_line' id='line_1_13' title="bbox 112 900 1755 952; baseline 0.001 -10"><span class='ocrx_word' id='word_1_111' title='bbox 112 900 437 950; x_wconf 85' lang='lat' dir='ltr'>aliquantulum</span> <span class='ocrx_word' id='word_1_112' title='bbox 451 901 752 946; x_wconf 86' lang='lat' dir='ltr'>interturbent,</span> <span class='ocrx_word' id='word_1_113' title='bbox 769 907 900 949; x_wconf 88' lang='lat' dir='ltr'>atque</span> <span class='ocrx_word' id='word_1_114' title='bbox 916 904 962 939; x_wconf 92' lang='lat' dir='ltr'>in</span> <span class='ocrx_word' id='word_1_115' title='bbox 978 903 1246 950; x_wconf 89' lang='lat' dir='ltr'>intermedijs</span> <span class='ocrx_word' id='word_1_116' title='bbox 1263 903 1411 945; x_wconf 79' lang='lat' dir='ltr'>Horis.</span> <span class='ocrx_word' id='word_1_117' title='bbox 1430 905 1755 952; x_wconf 91' lang='lat' dir='ltr'>earundemque</span> 
     </span>
     <span class='ocr_line' id='line_1_14' title="bbox 111 954 1755 1004; baseline 0.001 -10"><span class='ocrx_word' id='word_1_118' title='bbox 111 954 378 995; x_wconf 88' lang='lat' dir='ltr'>subtiliBimis</span> <span class='ocrx_word' id='word_1_119' title='bbox 395 954 607 1003; x_wconf 85' lang='lat' dir='ltr'>scrupulis</span> <span class='ocrx_word' id='word_1_120' title='bbox 628 955 796 1003; x_wconf 79' lang='lat' dir='ltr'>aliquid</span> <span class='ocrx_word' id='word_1_121' title='bbox 815 955 1128 1003; x_wconf 79' lang='lat' dir='ltr'>inaequalitatis</span> <span class='ocrx_word' id='word_1_122' title='bbox 1149 958 1274 994; x_wconf 90' lang='lat' dir='ltr'>tacite</span> <span class='ocrx_word' id='word_1_123' title='bbox 1295 956 1531 1004; x_wconf 82' lang='lat' dir='ltr'>suggerant.</span> <span class='ocrx_word' id='word_1_124' title='bbox 1552 958 1648 995; x_wconf 91' lang='lat' dir='ltr'>licet</span> <span class='ocrx_word' id='word_1_125' title='bbox 1665 961 1755 995; x_wconf 85' lang='lat' dir='ltr'>vni-</span> 
     </span>
     <span class='ocr_line' id='line_1_15' title="bbox 112 1007 1755 1058; baseline 0.001 -10"><span class='ocrx_word' id='word_1_126' title='bbox 112 1008 288 1048; x_wconf 90' lang='lat' dir='ltr'>uersalis</span> <span class='ocrx_word' id='word_1_127' title='bbox 308 1007 348 1046; x_wconf 88' lang='grc'>8(</span> <span class='ocrx_word' id='word_1_128' title='bbox 367 1008 527 1047; x_wconf 92' lang='lat' dir='ltr'>diurna</span> <span class='ocrx_word' id='word_1_129' title='bbox 546 1007 765 1053; x_wconf 77' lang='lat' dir='ltr'>restitutio,</span> <span class='ocrx_word' id='word_1_130' title='bbox 787 1008 875 1046; x_wconf 83' lang='lat' dir='ltr'>siue</span> <span class='ocrx_word' id='word_1_131' title='bbox 896 1009 951 1047; x_wconf 92' lang='lat' dir='ltr'>ad</span> <span class='ocrx_word' id='word_1_132' title='bbox 971 1008 1118 1047; x_wconf 91' lang='lat' dir='ltr'>Solem</span> <span class='ocrx_word' id='word_1_133' title='bbox 1138 1009 1225 1047; x_wconf 86' lang='lat' dir='ltr'>siue</span> <span class='ocrx_word' id='word_1_134' title='bbox 1247 1010 1301 1047; x_wconf 93' lang='lat' dir='ltr'>ad</span> <span class='ocrx_word' id='word_1_135' title='bbox 1319 1010 1471 1048; x_wconf 87' lang='lat' dir='ltr'>Stellas</span> <span class='ocrx_word' id='word_1_136' title='bbox 1493 1018 1755 1058; x_wconf 85' lang='lat' dir='ltr'>comparata,</span> 
     </span>
    </p>

    <p class='ocr_par' dir='ltr' id='par_1_5' title="bbox 47 1060 1757 1324">
     <span class='ocr_line' id='line_1_16' title="bbox 47 1060 1755 1110; baseline 0.001 -9"><span class='ocrx_word' id='word_1_137' title='bbox 47 1075 78 1101; x_wconf 81' lang='lat' dir='ltr'>ts</span> <span class='ocrx_word' id='word_1_138' title='bbox 111 1062 209 1102; x_wconf 89' lang='lat' dir='ltr'>satis</span> <span class='ocrx_word' id='word_1_139' title='bbox 232 1060 380 1101; x_wconf 64' lang='lat' dir='ltr'>exacte</span> <span class='ocrx_word' id='word_1_140' title='bbox 404 1061 446 1100; x_wconf 91' lang='lat' dir='ltr'>se</span> <span class='ocrx_word' id='word_1_141' title='bbox 470 1061 647 1106; x_wconf 90' lang='lat' dir='ltr'>habeat;</span> <span class='ocrx_word' id='word_1_142' title='bbox 675 1061 797 1108; x_wconf 91' lang='lat' dir='ltr'>Quin</span> <span class='ocrx_word' id='word_1_143' title='bbox 820 1061 858 1100; x_wconf 88' lang='grc'>8(</span> <span class='ocrx_word' id='word_1_144' title='bbox 881 1061 1007 1100; x_wconf 88' lang='lat' dir='ltr'>filum</span> <span class='ocrx_word' id='word_1_145' title='bbox 1029 1062 1169 1109; x_wconf 89' lang='lat' dir='ltr'>ipsum</span> <span class='ocrx_word' id='word_1_146' title='bbox 1193 1075 1280 1110; x_wconf 92' lang='lat' dir='ltr'>quo</span> <span class='ocrx_word' id='word_1_147' title='bbox 1304 1064 1476 1110; x_wconf 92' lang='lat' dir='ltr'>pondus</span> <span class='ocrx_word' id='word_1_148' title='bbox 1502 1063 1755 1107; x_wconf 68' lang='lat' dir='ltr'>annec&#39;titur,</span> 
     </span>
     <span class='ocr_line' id='line_1_17' title="bbox 112 1115 1756 1164; baseline 0 -9"><span class='ocrx_word' id='word_1_149' title='bbox 112 1115 289 1164; x_wconf 85' lang='lat' dir='ltr'>quando</span> <span class='ocrx_word' id='word_1_150' title='bbox 308 1115 551 1163; x_wconf 91' lang='lat' dir='ltr'>plurimum</span> <span class='ocrx_word' id='word_1_151' title='bbox 571 1115 795 1154; x_wconf 91' lang='lat' dir='ltr'>demissum</span> <span class='ocrx_word' id='word_1_152' title='bbox 817 1115 884 1160; x_wconf 90' lang='lat' dir='ltr'>est,</span> <span class='ocrx_word' id='word_1_153' title='bbox 908 1115 1136 1163; x_wconf 81' lang='lat' dir='ltr'>aliquanto</span> <span class='ocrx_word' id='word_1_154' title='bbox 1160 1116 1257 1164; x_wconf 89' lang='lat' dir='ltr'>plus</span> <span class='ocrx_word' id='word_1_155' title='bbox 1280 1120 1602 1164; x_wconf 88' lang='lat' dir='ltr'>aggrauationis</span> <span class='ocrx_word' id='word_1_156' title='bbox 1627 1118 1756 1161; x_wconf 87' lang='lat' dir='ltr'>addit,</span> 
     </span>
     <span class='ocr_line' id='line_1_18' title="bbox 112 1168 1756 1218; baseline 0 -11"><span class='ocrx_word' id='word_1_157' title='bbox 112 1174 200 1208; x_wconf 86' lang='lat' dir='ltr'>vtvt</span> <span class='ocrx_word' id='word_1_158' title='bbox 217 1168 368 1208; x_wconf 90' lang='lat' dir='ltr'>subtile</span> <span class='ocrx_word' id='word_1_159' title='bbox 388 1168 530 1213; x_wconf 89' lang='lat' dir='ltr'>fuerit,</span> <span class='ocrx_word' id='word_1_160' title='bbox 551 1181 687 1217; x_wconf 91' lang='lat' dir='ltr'>quam</span> <span class='ocrx_word' id='word_1_161' title='bbox 708 1169 815 1208; x_wconf 93' lang='lat' dir='ltr'>dum</span> <span class='ocrx_word' id='word_1_162' title='bbox 835 1171 881 1207; x_wconf 91' lang='lat' dir='ltr'>in</span> <span class='ocrx_word' id='word_1_163' title='bbox 901 1169 1111 1217; x_wconf 86' lang='lat' dir='ltr'>superiori</span> <span class='ocrx_word' id='word_1_164' title='bbox 1131 1170 1240 1212; x_wconf 82' lang='lat' dir='ltr'>loco.</span> <span class='ocrx_word' id='word_1_165' title='bbox 1265 1171 1436 1217; x_wconf 90' lang='lat' dir='ltr'>pondus</span> <span class='ocrx_word' id='word_1_166' title='bbox 1457 1170 1608 1218; x_wconf 83' lang='lat' dir='ltr'>ipsum,</span> <span class='ocrx_word' id='word_1_167' title='bbox 1631 1173 1756 1208; x_wconf 87' lang='lat' dir='ltr'>mini-</span> 
     </span>
     <span class='ocr_line' id='line_1_19' title="bbox 111 1222 1757 1271; baseline 0 -9"><span class='ocrx_word' id='word_1_168' title='bbox 111 1234 234 1262; x_wconf 90' lang='lat' dir='ltr'>mum</span> <span class='ocrx_word' id='word_1_169' title='bbox 254 1224 348 1261; x_wconf 92' lang='lat' dir='ltr'>eius</span> <span class='ocrx_word' id='word_1_170' title='bbox 369 1222 571 1261; x_wconf 90' lang='lat' dir='ltr'>deorsum</span> <span class='ocrx_word' id='word_1_171' title='bbox 591 1228 798 1261; x_wconf 81' lang='lat' dir='ltr'>traxerat:</span> <span class='ocrx_word' id='word_1_172' title='bbox 821 1222 859 1260; x_wconf 88' lang='lat'>&amp;</span> <span class='ocrx_word' id='word_1_173' title='bbox 879 1223 977 1260; x_wconf 91' lang='lat' dir='ltr'>licet</span> <span class='ocrx_word' id='word_1_174' title='bbox 998 1222 1081 1261; x_wconf 89' lang='lat' dir='ltr'>hoc</span> <span class='ocrx_word' id='word_1_175' title='bbox 1102 1222 1392 1261; x_wconf 84' lang='lat' dir='ltr'>differentiam</span> <span class='ocrx_word' id='word_1_176' title='bbox 1415 1226 1694 1271; x_wconf 81' lang='lat' dir='ltr'>perexiguam</span> <span class='ocrx_word' id='word_1_177' title='bbox 1713 1226 1757 1262; x_wconf 92' lang='lat' dir='ltr'>in</span> 
     </span>
     <span class='ocr_line' id='line_1_20' title="bbox 111 1275 1757 1324; baseline 0 -10"><span class='ocrx_word' id='word_1_178' title='bbox 111 1281 233 1315; x_wconf 92' lang='lat' dir='ltr'>motu</span> <span class='ocrx_word' id='word_1_179' title='bbox 247 1275 479 1324; x_wconf 86' lang='lat' dir='ltr'>Horologij</span> <span class='ocrx_word' id='word_1_180' title='bbox 498 1276 702 1324; x_wconf 82' lang='lat' dir='ltr'>implicet,</span> <span class='ocrx_word' id='word_1_181' title='bbox 723 1282 873 1315; x_wconf 90' lang='lat' dir='ltr'>tamen</span> <span class='ocrx_word' id='word_1_182' title='bbox 889 1288 990 1314; x_wconf 91' lang='lat' dir='ltr'>cum</span> <span class='ocrx_word' id='word_1_183' title='bbox 1007 1275 1044 1314; x_wconf 93' lang='grc'>8(</span> <span class='ocrx_word' id='word_1_184' title='bbox 1060 1276 1102 1314; x_wconf 92' lang='lat' dir='ltr'>id</span> <span class='ocrx_word' id='word_1_185' title='bbox 1120 1277 1238 1324; x_wconf 92' lang='lat' dir='ltr'>quod</span> <span class='ocrx_word' id='word_1_186' title='bbox 1255 1279 1475 1324; x_wconf 90' lang='lat' dir='ltr'>inquirere</span> <span class='ocrx_word' id='word_1_187' title='bbox 1492 1278 1757 1315; x_wconf 87' lang='lat' dir='ltr'>intendimus</span> 
     </span>
    </p>

    <p class='ocr_par' dir='ltr' id='par_1_6' title="bbox 45 1328 1756 1538">
     <span class='ocr_line' id='line_1_21' title="bbox 45 1328 1756 1378; baseline 0 -10"><span class='ocrx_word' id='word_1_188' title='bbox 45 1341 79 1368; x_wconf 70' lang='grc' dir='ltr'><strong><em>ω</em></strong></span> <span class='ocrx_word' id='word_1_189' title='bbox 111 1328 420 1369; x_wconf 84' lang='lat' dir='ltr'>subtilissimum</span> <span class='ocrx_word' id='word_1_190' title='bbox 435 1330 540 1378; x_wconf 90' lang='lat' dir='ltr'>quid</span> <span class='ocrx_word' id='word_1_191' title='bbox 555 1329 615 1374; x_wconf 88' lang='lat' dir='ltr'>fit,</span> <span class='ocrx_word' id='word_1_192' title='bbox 631 1330 670 1368; x_wconf 90' lang='lat'><strong>&amp;</strong></span> <span class='ocrx_word' id='word_1_193' title='bbox 687 1335 878 1378; x_wconf 91' lang='lat' dir='ltr'>quatuor</span> <span class='ocrx_word' id='word_1_194' title='bbox 890 1329 1195 1368; x_wconf 90' lang='lat' dir='ltr'>Secundorum</span> <span class='ocrx_word' id='word_1_195' title='bbox 1209 1332 1253 1367; x_wconf 92' lang='lat' dir='ltr'>in</span> <span class='ocrx_word' id='word_1_196' title='bbox 1267 1330 1511 1378; x_wconf 88' lang='lat' dir='ltr'>Horologio</span> <span class='ocrx_word' id='word_1_197' title='bbox 1528 1331 1756 1372; x_wconf 79' lang='lat' dir='ltr'>aberratio.</span> 
     </span>
     <span class='ocr_line' id='line_1_22' title="bbox 112 1382 1756 1432; baseline 0 -11"><span class='ocrx_word' id='word_1_198' title='bbox 112 1384 263 1432; x_wconf 87' lang='lat' dir='ltr'>integri</span> <span class='ocrx_word' id='word_1_199' title='bbox 274 1382 440 1421; x_wconf 92' lang='lat' dir='ltr'>Minuti</span> <span class='ocrx_word' id='word_1_200' title='bbox 451 1383 585 1421; x_wconf 91' lang='lat' dir='ltr'>Primi</span> <span class='ocrx_word' id='word_1_201' title='bbox 596 1382 811 1422; x_wconf 78' lang='lat' dir='ltr'>iac&#39;turam</span> <span class='ocrx_word' id='word_1_202' title='bbox 821 1383 920 1422; x_wconf 91' lang='lat' dir='ltr'>loco</span> <span class='ocrx_word' id='word_1_203' title='bbox 932 1383 1089 1427; x_wconf 87' lang='lat' dir='ltr'>Stellae,</span> <span class='ocrx_word' id='word_1_204' title='bbox 1103 1383 1298 1427; x_wconf 84' lang='lat' dir='ltr'>insinuet,</span> <span class='ocrx_word' id='word_1_205' title='bbox 1312 1384 1623 1431; x_wconf 89' lang='lat' dir='ltr'>impedimento</span> <span class='ocrx_word' id='word_1_206' title='bbox 1636 1386 1756 1421; x_wconf 91' lang='lat' dir='ltr'>omni</span> 
     </span>
     <span class='ocr_line' id='line_1_23' title="bbox 111 1436 1755 1485; baseline 0 -10"><span class='ocrx_word' id='word_1_207' title='bbox 111 1448 203 1475; x_wconf 89' lang='lat' dir='ltr'>non</span> <span class='ocrx_word' id='word_1_208' title='bbox 216 1442 354 1475; x_wconf 87' lang='lat' dir='ltr'>vacat.</span> <span class='ocrx_word' id='word_1_209' title='bbox 375 1436 486 1476; x_wconf 91' lang='lat' dir='ltr'>Sunt</span> <span class='ocrx_word' id='word_1_210' title='bbox 502 1436 540 1475; x_wconf 90' lang='grc'>8(</span> <span class='ocrx_word' id='word_1_211' title='bbox 556 1437 657 1482; x_wconf 90' lang='lat' dir='ltr'>alia,</span> <span class='ocrx_word' id='word_1_212' title='bbox 674 1437 932 1485; x_wconf 90' lang='lat' dir='ltr'>Horologijs</span> <span class='ocrx_word' id='word_1_213' title='bbox 945 1448 1043 1475; x_wconf 90' lang='lat' dir='ltr'>eam</span> <span class='ocrx_word' id='word_1_214' title='bbox 1060 1448 1148 1484; x_wconf 93' lang='lat' dir='ltr'>qua</span> <span class='ocrx_word' id='word_1_215' title='bbox 1165 1449 1275 1484; x_wconf 89' lang='lat' dir='ltr'>opus</span> <span class='ocrx_word' id='word_1_216' title='bbox 1292 1438 1396 1480; x_wconf 84' lang='lat' dir='ltr'>esset.</span> <span class='ocrx_word' id='word_1_217' title='bbox 1415 1438 1680 1475; x_wconf 88' lang='lat' dir='ltr'>certitudinis</span> <span class='ocrx_word' id='word_1_218' title='bbox 1697 1444 1755 1475; x_wconf 90' lang='lat' dir='ltr'>at-</span> 
     </span>
     <span class='ocr_line' id='line_1_24' title="bbox 112 1489 1180 1538; baseline -0.001 -9"><span class='ocrx_word' id='word_1_219' title='bbox 112 1501 197 1538; x_wconf 89' lang='lat' dir='ltr'>que</span> <span class='ocrx_word' id='word_1_220' title='bbox 210 1489 546 1538; x_wconf 73' lang='lat' dir='ltr'>scrupulositatis</span> <span class='ocrx_word' id='word_1_221' title='bbox 562 1490 697 1529; x_wconf 91' lang='lat' dir='ltr'>fidem</span> <span class='ocrx_word' id='word_1_222' title='bbox 713 1493 898 1529; x_wconf 91' lang='lat' dir='ltr'>omnino</span> <span class='ocrx_word' id='word_1_223' title='bbox 915 1490 1180 1538; x_wconf 89' lang='lat' dir='ltr'>derogantia.</span> 
     </span>
    </p>

    <p class='ocr_par' dir='ltr' id='par_1_7' title="bbox 164 1542 1756 1593">
     <span class='ocr_line' id='line_1_25' title="bbox 164 1542 1756 1593; baseline -0.001 -10"><span class='ocrx_word' id='word_1_224' title='bbox 164 1542 285 1591; x_wconf 77' lang='lat' dir='ltr'>Quin</span> <span class='ocrx_word' id='word_1_225' title='bbox 300 1543 339 1582; x_wconf 77' lang='grc'>8(</span> <span class='ocrx_word' id='word_1_226' title='bbox 354 1555 434 1593; x_wconf 90' lang='lat' dir='ltr'>ego</span> <span class='ocrx_word' id='word_1_227' title='bbox 450 1544 540 1583; x_wconf 91' lang='lat' dir='ltr'>alia</span> <span class='ocrx_word' id='word_1_228' title='bbox 555 1544 751 1592; x_wconf 91' lang='lat' dir='ltr'>quadam</span> <span class='ocrx_word' id='word_1_229' title='bbox 767 1546 937 1583; x_wconf 91' lang='lat' dir='ltr'>ratione</span> <span class='ocrx_word' id='word_1_230' title='bbox 953 1550 1202 1592; x_wconf 90' lang='lat' dir='ltr'>temporum</span> <span class='ocrx_word' id='word_1_231' title='bbox 1219 1544 1515 1591; x_wconf 86' lang='lat' dir='ltr'>aequalitatem</span> <span class='ocrx_word' id='word_1_232' title='bbox 1536 1543 1610 1591; x_wconf 86' lang='lat' dir='ltr'>ipsi</span> <span class='ocrx_word' id='word_1_233' title='bbox 1627 1543 1756 1581; x_wconf 86' lang='lat' dir='ltr'>Coelo</span> 
     </span>
    </p>

    <p class='ocr_par' dir='ltr' id='par_1_8' title="bbox 45 1596 1756 1700">
     <span class='ocr_line' id='line_1_26' title="bbox 45 1596 1756 1645; baseline -0.001 -10"><span class='ocrx_word' id='word_1_234' title='bbox 45 1607 78 1634; x_wconf 85' lang='lat'>2⁵</span> <span class='ocrx_word' id='word_1_235' title='bbox 113 1596 348 1636; x_wconf 90' lang='lat' dir='ltr'>consonam</span> <span class='ocrx_word' id='word_1_236' title='bbox 368 1597 632 1637; x_wconf 91' lang='lat' dir='ltr'>Mechanice</span> <span class='ocrx_word' id='word_1_237' title='bbox 652 1600 808 1643; x_wconf 89' lang='lat' dir='ltr'>metiri,</span> <span class='ocrx_word' id='word_1_238' title='bbox 830 1609 922 1636; x_wconf 92' lang='lat' dir='ltr'>non</span> <span class='ocrx_word' id='word_1_239' title='bbox 942 1600 1204 1635; x_wconf 90' lang='lat' dir='ltr'>intentatum</span> <span class='ocrx_word' id='word_1_240' title='bbox 1225 1598 1396 1645; x_wconf 81' lang='lat' dir='ltr'>reliqui:</span> <span class='ocrx_word' id='word_1_241' title='bbox 1419 1609 1494 1644; x_wconf 90' lang='lat' dir='ltr'>per</span> <span class='ocrx_word' id='word_1_242' title='bbox 1514 1598 1756 1644; x_wconf 86' lang='lat' dir='ltr'>Argentum</span> 
     </span>
     <span class='ocr_line' id='line_1_27' title="bbox 112 1650 1756 1700; baseline -0.002 -10"><span class='ocrx_word' id='word_1_243' title='bbox 112 1652 265 1689; x_wconf 85' lang='lat' dir='ltr'>viuum</span> <span class='ocrx_word' id='word_1_244' title='bbox 274 1651 486 1697; x_wconf 88' lang='lat' dir='ltr'>videlicet,</span> <span class='ocrx_word' id='word_1_245' title='bbox 499 1652 617 1700; x_wconf 93' lang='lat' dir='ltr'>quod</span> <span class='ocrx_word' id='word_1_246' title='bbox 630 1651 834 1700; x_wconf 88' lang='lat' dir='ltr'>Chymici</span> <span class='ocrx_word' id='word_1_247' title='bbox 847 1651 1122 1689; x_wconf 90' lang='lat' dir='ltr'>Mercurium</span> <span class='ocrx_word' id='word_1_248' title='bbox 1139 1651 1256 1697; x_wconf 91' lang='lat' dir='ltr'>(cum</span> <span class='ocrx_word' id='word_1_249' title='bbox 1267 1651 1312 1688; x_wconf 87' lang='lat' dir='ltr'>fit</span> <span class='ocrx_word' id='word_1_250' title='bbox 1325 1653 1418 1688; x_wconf 90' lang='lat' dir='ltr'>eius</span> <span class='ocrx_word' id='word_1_251' title='bbox 1429 1650 1601 1688; x_wconf 73' lang='lat' dir='ltr'>Co‘elesti</span> <span class='ocrx_word' id='word_1_252' title='bbox 1614 1650 1756 1688; x_wconf 83' lang='lat' dir='ltr'>Stellae</span> 
     </span>
    </p>

    <p class='ocr_par' dir='ltr' id='par_1_9' title="bbox 111 1703 1756 1861">
     <span class='ocr_line' id='line_1_28' title="bbox 112 1703 1756 1754; baseline -0.001 -12"><span class='ocrx_word' id='word_1_253' title='bbox 112 1705 158 1742; x_wconf 92' lang='lat' dir='ltr'>in</span> <span class='ocrx_word' id='word_1_254' title='bbox 170 1703 307 1743; x_wconf 90' lang='lat' dir='ltr'>Terra</span> <span class='ocrx_word' id='word_1_255' title='bbox 321 1704 579 1754; x_wconf 87' lang='lat' dir='ltr'>analogum)</span> <span class='ocrx_word' id='word_1_256' title='bbox 598 1717 691 1744; x_wconf 91' lang='lat' dir='ltr'>non</span> <span class='ocrx_word' id='word_1_257' title='bbox 706 1707 1071 1744; x_wconf 90' lang='lat' dir='ltr'>inconuenienter</span> <span class='ocrx_word' id='word_1_258' title='bbox 1087 1711 1356 1752; x_wconf 85' lang='lat' dir='ltr'>nuncupant,</span> <span class='ocrx_word' id='word_1_259' title='bbox 1378 1704 1561 1751; x_wconf 88' lang='lat' dir='ltr'>idipsum</span> <span class='ocrx_word' id='word_1_260' title='bbox 1578 1706 1623 1741; x_wconf 88' lang='lat' dir='ltr'>in</span> <span class='ocrx_word' id='word_1_261' title='bbox 1640 1703 1756 1741; x_wconf 91' lang='lat' dir='ltr'>hunc</span> 
     </span>
     <span class='ocr_line' id='line_1_29' title="bbox 111 1757 1753 1806; baseline -0.002 -9"><span class='ocrx_word' id='word_1_262' title='bbox 111 1757 292 1796; x_wconf 89' lang='lat' dir='ltr'>modum</span> <span class='ocrx_word' id='word_1_263' title='bbox 308 1757 493 1803; x_wconf 87' lang='lat' dir='ltr'>efficere,</span> <span class='ocrx_word' id='word_1_264' title='bbox 514 1770 595 1797; x_wconf 91' lang='lat' dir='ltr'>nec</span> <span class='ocrx_word' id='word_1_265' title='bbox 615 1758 703 1797; x_wconf 89' lang='lat' dir='ltr'>fine</span> <span class='ocrx_word' id='word_1_266' title='bbox 719 1759 863 1797; x_wconf 92' lang='lat' dir='ltr'>sumtu</span> <span class='ocrx_word' id='word_1_267' title='bbox 879 1764 1010 1806; x_wconf 91' lang='lat' dir='ltr'>atque</span> <span class='ocrx_word' id='word_1_268' title='bbox 1027 1758 1176 1796; x_wconf 92' lang='lat' dir='ltr'>labore</span> <span class='ocrx_word' id='word_1_269' title='bbox 1193 1758 1400 1806; x_wconf 89' lang='lat' dir='ltr'>aggressus</span> <span class='ocrx_word' id='word_1_270' title='bbox 1419 1757 1523 1795; x_wconf 91' lang='lat' dir='ltr'>sum.</span> <span class='ocrx_word' id='word_1_271' title='bbox 1547 1757 1753 1804; x_wconf 89' lang='lat' dir='ltr'>Mercurij</span> 
     </span>
     <span class='ocr_line' id='line_1_30' title="bbox 111 1809 1755 1861; baseline -0.001 -12"><span class='ocrx_word' id='word_1_272' title='bbox 111 1809 322 1859; x_wconf 85' lang='lat' dir='ltr'>plurimas</span> <span class='ocrx_word' id='word_1_273' title='bbox 336 1811 481 1857; x_wconf 82' lang='lat' dir='ltr'>libras,</span> <span class='ocrx_word' id='word_1_274' title='bbox 497 1812 632 1851; x_wconf 92' lang='lat' dir='ltr'>modo</span> <span class='ocrx_word' id='word_1_275' title='bbox 645 1812 879 1861; x_wconf 81' lang='lat' dir='ltr'>Chymistis</span> <span class='ocrx_word' id='word_1_276' title='bbox 896 1814 1080 1860; x_wconf 90' lang='lat' dir='ltr'>cognito,</span> <span class='ocrx_word' id='word_1_277' title='bbox 1097 1818 1160 1850; x_wconf 90' lang='lat' dir='ltr'>ter</span> <span class='ocrx_word' id='word_1_278' title='bbox 1171 1812 1239 1849; x_wconf 93' lang='lat' dir='ltr'>vel</span> <span class='ocrx_word' id='word_1_279' title='bbox 1257 1818 1409 1858; x_wconf 90' lang='lat' dir='ltr'>quater</span> <span class='ocrx_word' id='word_1_280' title='bbox 1425 1810 1667 1851; x_wconf 81' lang='lat' dir='ltr'>sublimaui.</span> <span class='ocrx_word' id='word_1_281' title='bbox 1684 1811 1755 1848; x_wconf 93' lang='lat' dir='ltr'>ab-</span> 
     </span>
    </p>

    <p class='ocr_par' dir='ltr' id='par_1_10' title="bbox 31 1862 1755 2128">
     <span class='ocr_line' id='line_1_31' title="bbox 44 1862 1754 1914; baseline -0.001 -13"><span class='ocrx_word' id='word_1_282' title='bbox 44 1874 78 1901; x_wconf 79' lang='grc' dir='ltr'>3ο</span> <span class='ocrx_word' id='word_1_283' title='bbox 111 1862 227 1904; x_wconf 73' lang='lat' dir='ltr'>ieffls</span> <span class='ocrx_word' id='word_1_284' title='bbox 250 1864 443 1911; x_wconf 87' lang='lat' dir='ltr'>faeeibus‚</span> <span class='ocrx_word' id='word_1_285' title='bbox 468 1865 725 1914; x_wconf 91' lang='lat' dir='ltr'>semperque</span> <span class='ocrx_word' id='word_1_286' title='bbox 750 1866 963 1914; x_wconf 89' lang='lat' dir='ltr'>peculiari</span> <span class='ocrx_word' id='word_1_287' title='bbox 988 1865 1181 1912; x_wconf 90' lang='lat' dir='ltr'>quadam</span> <span class='ocrx_word' id='word_1_288' title='bbox 1205 1864 1314 1902; x_wconf 91' lang='lat' dir='ltr'>mihi</span> <span class='ocrx_word' id='word_1_289' title='bbox 1341 1864 1565 1911; x_wconf 86' lang='lat' dir='ltr'>explorata</span> <span class='ocrx_word' id='word_1_290' title='bbox 1588 1865 1754 1901; x_wconf 90' lang='lat' dir='ltr'>ratione</span> 
     </span>
     <span class='ocr_line' id='line_1_32' title="bbox 110 1917 1755 1967; baseline -0.001 -12"><span class='ocrx_word' id='word_1_291' title='bbox 110 1917 397 1964; x_wconf 74' lang='lat' dir='ltr'>reuiuificam&#39;,</span> <span class='ocrx_word' id='word_1_292' title='bbox 418 1919 558 1958; x_wconf 90' lang='lat' dir='ltr'>donec</span> <span class='ocrx_word' id='word_1_293' title='bbox 577 1919 723 1958; x_wconf 93' lang='lat' dir='ltr'>sordes</span> <span class='ocrx_word' id='word_1_294' title='bbox 738 1920 836 1958; x_wconf 91' lang='lat' dir='ltr'>suas</span> <span class='ocrx_word' id='word_1_295' title='bbox 854 1921 1115 1967; x_wconf 88' lang='lat' dir='ltr'>impuriores</span> <span class='ocrx_word' id='word_1_296' title='bbox 1133 1925 1324 1956; x_wconf 82' lang='lat' dir='ltr'>exueret:</span> <span class='ocrx_word' id='word_1_297' title='bbox 1348 1918 1481 1955; x_wconf 91' lang='lat' dir='ltr'>Hunc</span> <span class='ocrx_word' id='word_1_298' title='bbox 1499 1919 1557 1955; x_wconf 88' lang='lat' dir='ltr'>ita</span> <span class='ocrx_word' id='word_1_299' title='bbox 1573 1917 1755 1963; x_wconf 91' lang='lat' dir='ltr'>depura-</span> 
     </span>
     <span class='ocr_line' id='line_1_33' title="bbox 110 1969 1755 2021; baseline -0.002 -12"><span class='ocrx_word' id='word_1_300' title='bbox 110 1975 203 2010; x_wconf 88' lang='lat' dir='ltr'>tum</span> <span class='ocrx_word' id='word_1_301' title='bbox 217 1973 328 2010; x_wconf 83' lang='lat' dir='ltr'>vitro</span> <span class='ocrx_word' id='word_1_302' title='bbox 345 1972 522 2011; x_wconf 89' lang='lat' dir='ltr'>cuidam</span> <span class='ocrx_word' id='word_1_303' title='bbox 542 1985 718 2021; x_wconf 90' lang='lat' dir='ltr'>magno,</span> <span class='ocrx_word' id='word_1_304' title='bbox 738 1975 785 2011; x_wconf 91' lang='lat' dir='ltr'>in</span> <span class='ocrx_word' id='word_1_305' title='bbox 806 1973 997 2011; x_wconf 92' lang='lat' dir='ltr'>eundem</span> <span class='ocrx_word' id='word_1_306' title='bbox 1013 1972 1135 2010; x_wconf 91' lang='lat' dir='ltr'>vsum</span> <span class='ocrx_word' id='word_1_307' title='bbox 1156 1977 1415 2019; x_wconf 79' lang='lat' dir='ltr'>praeparato,</span> <span class='ocrx_word' id='word_1_308' title='bbox 1437 1970 1553 2018; x_wconf 92' lang='lat' dir='ltr'>quod</span> <span class='ocrx_word' id='word_1_309' title='bbox 1575 1969 1755 2007; x_wconf 88' lang='lat' dir='ltr'>inferius</span> 
     </span>
     <span class='ocr_line' id='line_1_34' title="bbox 31 2023 1754 2076; baseline 0.001 -15"><span class='ocrx_word' id='word_1_310' title='bbox 31 2028 89 2061; x_wconf 79' lang='lat'>150</span> <span class='ocrx_word' id='word_1_311' title='bbox 110 2027 410 2064; x_wconf 87' lang='lat' dir='ltr'>acuminatum</span> <span class='ocrx_word' id='word_1_312' title='bbox 419 2023 434 2076; x_wconf 87' lang='grc' dir='ltr'>ΙΙ</span> <span class='ocrx_word' id='word_1_313' title='bbox 443 2026 780 2075; x_wconf 82' lang='lat' dir='ltr'>angustissimum</span> <span class='ocrx_word' id='word_1_314' title='bbox 791 2027 828 2065; x_wconf 90' lang='grc'>8(</span> <span class='ocrx_word' id='word_1_315' title='bbox 838 2026 1077 2065; x_wconf 91' lang='lat' dir='ltr'>rotundum</span> <span class='ocrx_word' id='word_1_316' title='bbox 1087 2025 1265 2063; x_wconf 91' lang='lat' dir='ltr'>haberet</span> <span class='ocrx_word' id='word_1_317' title='bbox 1275 2024 1486 2066; x_wconf 80' lang='lat' dir='ltr'>foramen,</span> <span class='ocrx_word' id='word_1_318' title='bbox 1497 2023 1754 2070; x_wconf 82' lang='lat' dir='ltr'>impositum.</span> 
     </span>
     <span class='ocr_line' id='line_1_35' title="bbox 109 2076 1754 2128; baseline -0.002 -12"><span class='ocrx_word' id='word_1_319' title='bbox 109 2081 202 2116; x_wconf 84' lang='lat' dir='ltr'>tum</span> <span class='ocrx_word' id='word_1_320' title='bbox 211 2081 416 2127; x_wconf 88' lang='lat' dir='ltr'>primum,</span> <span class='ocrx_word' id='word_1_321' title='bbox 428 2080 609 2128; x_wconf 86' lang='lat' dir='ltr'>quando</span> <span class='ocrx_word' id='word_1_322' title='bbox 619 2080 694 2119; x_wconf 94' lang='lat' dir='ltr'>Sol</span> <span class='ocrx_word' id='word_1_323' title='bbox 703 2080 773 2118; x_wconf 91' lang='lat' dir='ltr'>vel</span> <span class='ocrx_word' id='word_1_324' title='bbox 783 2079 916 2118; x_wconf 91' lang='lat' dir='ltr'>Stella</span> <span class='ocrx_word' id='word_1_325' title='bbox 927 2080 1077 2127; x_wconf 89' lang='lat' dir='ltr'>aliqua</span> <span class='ocrx_word' id='word_1_326' title='bbox 1090 2079 1390 2117; x_wconf 91' lang='lat' dir='ltr'>Meridianum</span> <span class='ocrx_word' id='word_1_327' title='bbox 1402 2077 1606 2117; x_wconf 81' lang='lat' dir='ltr'>transiret.</span> <span class='ocrx_word' id='word_1_328' title='bbox 1621 2076 1754 2113; x_wconf 85' lang='lat' dir='ltr'>fluere</span> 
     </span>
    </p>

    <p class='ocr_par' dir='ltr' id='par_1_11' title="bbox 43 2130 1756 2394">
     <span class='ocr_line' id='line_1_36' title="bbox 43 2130 1755 2181; baseline -0.003 -10"><span class='ocrx_word' id='word_1_329' title='bbox 43 2140 77 2168; x_wconf 78' lang='lat'>³5</span> <span class='ocrx_word' id='word_1_330' title='bbox 109 2131 290 2179; x_wconf 87' lang='lat' dir='ltr'>permisi,</span> <span class='ocrx_word' id='word_1_331' title='bbox 315 2132 448 2181; x_wconf 91' lang='lat' dir='ltr'>idque</span> <span class='ocrx_word' id='word_1_332' title='bbox 474 2136 694 2178; x_wconf 89' lang='lat' dir='ltr'>continue,</span> <span class='ocrx_word' id='word_1_333' title='bbox 721 2134 860 2172; x_wconf 91' lang='lat' dir='ltr'>donec</span> <span class='ocrx_word' id='word_1_334' title='bbox 884 2133 1028 2171; x_wconf 88' lang='lat' dir='ltr'>rursus</span> <span class='ocrx_word' id='word_1_335' title='bbox 1052 2133 1107 2171; x_wconf 93' lang='lat' dir='ltr'>ad</span> <span class='ocrx_word' id='word_1_336' title='bbox 1131 2132 1431 2170; x_wconf 87' lang='lat' dir='ltr'>Meridianum</span> <span class='ocrx_word' id='word_1_337' title='bbox 1454 2130 1626 2168; x_wconf 85' lang='lat' dir='ltr'>Astrum</span> <span class='ocrx_word' id='word_1_338' title='bbox 1650 2130 1755 2166; x_wconf 91' lang='lat' dir='ltr'>illud</span> 
     </span>
     <span class='ocr_line' id='line_1_37' title="bbox 110 2183 1755 2233; baseline -0.002 -10"><span class='ocrx_word' id='word_1_339' title='bbox 110 2187 369 2232; x_wconf 88' lang='lat' dir='ltr'>perueniret,</span> <span class='ocrx_word' id='word_1_340' title='bbox 385 2186 469 2225; x_wconf 92' lang='lat' dir='ltr'>hac</span> <span class='ocrx_word' id='word_1_341' title='bbox 485 2189 619 2225; x_wconf 90' lang='lat' dir='ltr'>etiam</span> <span class='ocrx_word' id='word_1_342' title='bbox 635 2187 832 2226; x_wconf 90' lang='lat' dir='ltr'>adhibita</span> <span class='ocrx_word' id='word_1_343' title='bbox 848 2189 1064 2228; x_wconf 83' lang='lat' dir='ltr'>cautione.</span> <span class='ocrx_word' id='word_1_344' title='bbox 1077 2193 1119 2223; x_wconf 86' lang='lat' dir='ltr'>vt</span> <span class='ocrx_word' id='word_1_345' title='bbox 1132 2197 1208 2233; x_wconf 89' lang='lat' dir='ltr'>per</span> <span class='ocrx_word' id='word_1_346' title='bbox 1220 2185 1339 2223; x_wconf 89' lang='lat' dir='ltr'>aliud</span> <span class='ocrx_word' id='word_1_347' title='bbox 1352 2184 1573 2232; x_wconf 89' lang='lat' dir='ltr'>quoddam</span> <span class='ocrx_word' id='word_1_348' title='bbox 1586 2183 1755 2220; x_wconf 87' lang='lat' dir='ltr'>Vitrum</span> 
     </span>
     <span class='ocr_line' id='line_1_38' title="bbox 109 2236 1755 2288; baseline -0.003 -11"><span class='ocrx_word' id='word_1_349' title='bbox 109 2239 242 2286; x_wconf 86' lang='lat' dir='ltr'>priori</span> <span class='ocrx_word' id='word_1_350' title='bbox 256 2238 586 2288; x_wconf 89' lang='lat' dir='ltr'>supereminens</span> <span class='ocrx_word' id='word_1_351' title='bbox 603 2240 770 2287; x_wconf 85' lang='lat' dir='ltr'>(fulcris</span> <span class='ocrx_word' id='word_1_352' title='bbox 787 2240 1046 2288; x_wconf 85' lang='lat' dir='ltr'>quibusdam</span> <span class='ocrx_word' id='word_1_353' title='bbox 1063 2238 1335 2286; x_wconf 82' lang='lat' dir='ltr'>interpositis)</span> <span class='ocrx_word' id='word_1_354' title='bbox 1353 2237 1533 2276; x_wconf 88' lang='lat' dir='ltr'>inferius</span> <span class='ocrx_word' id='word_1_355' title='bbox 1545 2239 1589 2274; x_wconf 90' lang='lat' dir='ltr'>in</span> <span class='ocrx_word' id='word_1_356' title='bbox 1603 2236 1755 2274; x_wconf 90' lang='lat' dir='ltr'>eadem</span> 
     </span>
     <span class='ocr_line' id='line_1_39' title="bbox 110 2289 1755 2342; baseline -0.001 -14"><span class='ocrx_word' id='word_1_357' title='bbox 110 2291 358 2340; x_wconf 89' lang='lat' dir='ltr'>repletione,</span> <span class='ocrx_word' id='word_1_358' title='bbox 380 2305 517 2341; x_wconf 92' lang='lat' dir='ltr'>quam</span> <span class='ocrx_word' id='word_1_359' title='bbox 537 2296 737 2342; x_wconf 84' lang='lat' dir='ltr'>proxime</span> <span class='ocrx_word' id='word_1_360' title='bbox 758 2300 970 2342; x_wconf 90' lang='lat' dir='ltr'>perpetuo</span> <span class='ocrx_word' id='word_1_361' title='bbox 987 2293 1329 2333; x_wconf 81' lang='lat' dir='ltr'>conseruaretur.</span> <span class='ocrx_word' id='word_1_362' title='bbox 1352 2291 1578 2329; x_wconf 83' lang='lat' dir='ltr'>instillante</span> <span class='ocrx_word' id='word_1_363' title='bbox 1596 2291 1620 2326; x_wconf 79' lang='lat' dir='ltr'>a</span> <span class='ocrx_word' id='word_1_364' title='bbox 1638 2289 1755 2336; x_wconf 86' lang='lat' dir='ltr'>supe-</span> 
     </span>
     <span class='ocr_line' id='line_1_40' title="bbox 109 2342 1756 2394; baseline -0.002 -11"><span class='ocrx_word' id='word_1_365' title='bbox 109 2345 225 2390; x_wconf 89' lang='lat' dir='ltr'>riori,</span> <span class='ocrx_word' id='word_1_366' title='bbox 234 2347 494 2385; x_wconf 86' lang='lat' dir='ltr'>tantundem</span> <span class='ocrx_word' id='word_1_367' title='bbox 506 2347 559 2386; x_wconf 90' lang='lat' dir='ltr'>de</span> <span class='ocrx_word' id='word_1_368' title='bbox 571 2347 830 2386; x_wconf 89' lang='lat' dir='ltr'>Mercuriali</span> <span class='ocrx_word' id='word_1_369' title='bbox 841 2347 1024 2394; x_wconf 81' lang='lat' dir='ltr'>liquore.</span> <span class='ocrx_word' id='word_1_370' title='bbox 1040 2353 1256 2394; x_wconf 87' lang='lat' dir='ltr'>quantum</span> <span class='ocrx_word' id='word_1_371' title='bbox 1270 2345 1450 2383; x_wconf 88' lang='lat' dir='ltr'>inferius</span> <span class='ocrx_word' id='word_1_372' title='bbox 1463 2342 1756 2381; x_wconf 83' lang='lat' dir='ltr'>exinaniendo</span> 
     </span>
    </p>

    <p class='ocr_par' dir='ltr' id='par_1_12' title="bbox 43 2399 1755 2501">
     <span class='ocr_line' id='line_1_41' title="bbox 43 2399 1755 2448; baseline -0.001 -14"><span class='ocrx_word' id='word_1_373' title='bbox 43 2406 78 2434; x_wconf 67' lang='grc' dir='ltr'><strong>η</strong></span> <span class='ocrx_word' id='word_1_374' title='bbox 110 2399 334 2444; x_wconf 88' lang='lat' dir='ltr'>amitteret,</span> <span class='ocrx_word' id='word_1_375' title='bbox 353 2406 398 2439; x_wconf 88' lang='lat' dir='ltr'>vt</span> <span class='ocrx_word' id='word_1_376' title='bbox 417 2401 591 2448; x_wconf 89' lang='lat' dir='ltr'>pondus</span> <span class='ocrx_word' id='word_1_377' title='bbox 608 2403 799 2439; x_wconf 89' lang='lat' dir='ltr'>contenti</span> <span class='ocrx_word' id='word_1_378' title='bbox 817 2401 1026 2448; x_wconf 90' lang='lat' dir='ltr'>Mercurij</span> <span class='ocrx_word' id='word_1_379' title='bbox 1051 2399 1123 2438; x_wconf 86' lang='lat' dir='ltr'>fibi</span> <span class='ocrx_word' id='word_1_380' title='bbox 1145 2399 1278 2436; x_wconf 85' lang='lat' dir='ltr'>simile</span> <span class='ocrx_word' id='word_1_381' title='bbox 1300 2404 1586 2445; x_wconf 79' lang='lat' dir='ltr'>permaneret,</span> <span class='ocrx_word' id='word_1_382' title='bbox 1610 2407 1755 2442; x_wconf 82' lang='lat' dir='ltr'>aequa-</span> 
     </span>
     <span class='ocr_line' id='line_1_42' title="bbox 109 2448 1753 2501; baseline -0.002 -12"><span class='ocrx_word' id='word_1_383' title='bbox 109 2448 290 2500; x_wconf 91' lang='lat' dir='ltr'>literque</span> <span class='ocrx_word' id='word_1_384' title='bbox 306 2452 494 2492; x_wconf 89' lang='lat' dir='ltr'>fluorem</span> <span class='ocrx_word' id='word_1_385' title='bbox 511 2454 770 2495; x_wconf 77' lang='lat' dir='ltr'>detruderet,</span> <span class='ocrx_word' id='word_1_386' title='bbox 790 2461 920 2501; x_wconf 92' lang='lat' dir='ltr'>atque</span> <span class='ocrx_word' id='word_1_387' title='bbox 938 2453 990 2491; x_wconf 88' lang='lat' dir='ltr'>fic</span> <span class='ocrx_word' id='word_1_388' title='bbox 1007 2465 1083 2500; x_wconf 90' lang='lat' dir='ltr'>per</span> <span class='ocrx_word' id='word_1_389' title='bbox 1100 2464 1232 2490; x_wconf 92' lang='lat' dir='ltr'>vnam</span> <span class='ocrx_word' id='word_1_390' title='bbox 1252 2451 1586 2489; x_wconf 88' lang='lat' dir='ltr'>Reuolutionem</span> <span class='ocrx_word' id='word_1_391' title='bbox 1605 2449 1753 2486; x_wconf 88' lang='lat' dir='ltr'>collec-</span> 
     </span>
    </p>
   </div>
   <div class='ocr_carea' id='block_1_3' title="bbox 109 2504 1753 2593">
    <p class='ocr_par' dir='ltr' id='par_1_13' title="bbox 109 2504 1753 2593">
     <span class='ocr_line' id='line_1_43' title="bbox 109 2504 1753 2591; baseline -0.003 -48"><span class='ocrx_word' id='word_1_392' title='bbox 109 2507 201 2543; x_wconf 87' lang='lat' dir='ltr'>tum</span> <span class='ocrx_word' id='word_1_393' title='bbox 223 2505 498 2546; x_wconf 91' lang='lat' dir='ltr'>Mercurium</span> <span class='ocrx_word' id='word_1_394' title='bbox 521 2507 559 2546; x_wconf 88' lang='grc'>8(</span> <span class='ocrx_word' id='word_1_395' title='bbox 582 2510 628 2546; x_wconf 91' lang='lat' dir='ltr'>in</span> <span class='ocrx_word' id='word_1_396' title='bbox 650 2510 860 2546; x_wconf 88' lang='lat' dir='ltr'>trutinam</span> <span class='ocrx_word' id='word_1_397' title='bbox 883 2507 1131 2555; x_wconf 84' lang='lat' dir='ltr'>impolitum</span> <span class='ocrx_word' id='word_1_398' title='bbox 1155 2506 1411 2553; x_wconf 89' lang='lat' dir='ltr'>ponderaui.</span> <span class='ocrx_word' id='word_1_399' title='bbox 1437 2504 1753 2591; x_wconf 28' lang='lat' dir='ltr'>Hinc-propor-</span> 
     </span>
     <span class='ocr_line' id='line_1_44' title="bbox 1539 2561 1753 2593; baseline -0.019 0"><span class='ocrx_word' id='word_1_400' title='bbox 1539 2563 1658 2593; x_wconf 83' lang='lat' dir='ltr'>nona</span> <span class='ocrx_word' id='word_1_401' title='bbox 1679 2561 1753 2591; x_wconf 79' lang='lat' dir='ltr'>lter</span> 
     </span>
    </p>
   </div>
  </div>
 </body>
</html>
