2164 3246
46 818 77 845 10

47 1085 78 1112 15

405 217 1066 259 PROGYMNASMATUM
1089 221 1290 260 PRIMA
1313 223 1464 261 PARS
1702 224 1759 262 121

112 324 274 373 angulo
285 323 415 362 TCA
432 324 592 362 dantur
607 324 697 363 duo
713 325 852 363 latera
863 325 944 364 TC
957 326 1187 375 Elongatio
1207 329 1236 372 D
1252 340 1278 366 a
1295 335 1442 367 centro
1454 329 1492 367 &
1505 329 1589 368 CA
1603 330 1760 368 Eccen-

111 380 272 417 tricitas
291 378 425 416 modo
446 380 638 422 inventa,
661 390 752 416 una
772 390 873 416 cum
892 380 1054 427 angulo
1071 380 1199 419 TCA
1216 382 1270 419 ab
1287 382 1384 429 ipsis
1400 384 1648 430 intercepto.
1672 383 1759 421 Da-

111 432 225 471 bitur
244 433 373 479 igitur
393 431 582 479 angulus
598 430 724 470 ATC
744 432 798 470 41.
818 430 843 479 l.
861 432 923 470 22.
943 431 955 480 Ι
960 431 986 480 l.
1008 433 1390 482 Prolthaphaerefis
1411 436 1760 480 Eccentricitatis,

111 485 150 524 &
160 484 240 523 TA
252 484 466 522 Distantia
480 485 509 529 D
522 496 549 522 a
559 484 696 523 Terra
707 487 753 522 in
764 486 959 533 partibus
975 486 1282 525 semidiametri
1296 488 1530 527 Eccentrici
1544 489 1579 527 C
1588 489 1631 527 F.
1649 489 1761 527 Haec

111 537 495 585 Prosthaphaerefis
510 537 788 576 subtrahatur
804 550 830 577 a
846 546 1077 587 coaequata
1094 540 1383 588 Longitudine
1404 543 1445 586 D,
1463 541 1500 579 &
1517 543 1759 589 procreabi-

111 596 180 630 tur
199 591 322 629 locus
343 591 373 636 D
391 591 428 629 2.
446 591 486 630 S.
503 591 566 629 26.
584 591 627 629 P.
644 591 708 630 52.
727 590 753 639 Ι.
770 591 833 630 56.
853 590 895 640 ll.
913 592 1077 631 Vltimo
1098 593 1195 631 loco
1216 594 1388 632 libratio
1409 594 1483 633 illa
1504 595 1653 633 Centri
1675 599 1760 643 epi-

112 644 218 694 cycli
234 644 471 683 enodanda
486 644 622 683 restat.
640 644 794 683 Motus
809 645 1053 684 librationis
1070 646 1193 685 dic’tae
1206 647 1367 695 duplici
1380 647 1603 686 Distantiae
1617 649 1761 686 Lumi—

111 700 288 737 narium
312 697 718 736 commensurabilis
743 698 811 743 est,
842 701 1079 747 incipitque
1105 702 1150 737 in
1176 700 1251 738 suo
1277 712 1457 748 apogeo,
1487 701 1524 738 &
1550 704 1594 738 in
1619 709 1762 748 partes

112 753 364 796 contrarias,
381 753 592 789 nimirum
607 751 848 790 secundum
863 752 1165 791 successionem
1180 753 1411 801 [ignorum.
1429 753 1618 801 respectu
1635 757 1762 801 primi

113 804 316 854 Epicydi,
336 807 506 843 moveri
526 805 791 853 intelligitur.
813 805 874 844 Sit
893 806 1055 853 duplex
1075 806 1301 854 longitudo
1321 808 1349 852 D
1366 819 1393 845 a
1412 809 1455 851 <D
1475 807 1552 845 YZ
1568 819 1595 845 a
1612 808 1650 846 O
1668 809 1703 846 7.
1721 808 1760 846 S.

113 858 166 897 16.
182 858 226 896 Ρ.
242 858 305 897 58.
324 856 350 907 l.
368 858 422 896 12.
440 856 484 907 ll.
501 858 618 897 finus
639 859 826 897 excessus
843 858 955 897 vltra
974 859 1293 898 semicirculum
1310 872 1336 898 a
1353 860 1392 898 O
1410 860 1464 898 est
1483 861 1677 904 7309965,
1700 864 1761 899 ni-

112 913 275 950 mirum
293 911 412 950 linea
428 911 511 950 ΒΟ
527 912 598 950 vel
614 912 694 951 FS.
716 912 860 960 Igitur,
882 919 928 950 ut
947 912 1064 951 finus
1083 919 1199 951 totus
1218 913 1299 957 SR,
1321 914 1376 952 ad
1395 913 1473 957 SF,
1495 914 1547 951 fic
1568 917 1762 952 maxima

113 966 299 1004 variatio
313 964 558 1004 librationis
570 967 705 1004 centri
717 965 910 1014 Epicycli
921 966 983 1004 40.
998 965 1023 1014 l.
1037 966 1099 1004 30.
1114 965 1157 1014 ll
1170 967 1225 1005 ad
1238 967 1316 1011 FS,
1333 969 1622 1005 variationem
1638 966 1761 1005 diclae

113 1018 324 1058 distantiae
343 1030 461 1057 verae
482 1019 792 1058 Luminarium
813 1025 1133 1067 competentem
1154 1020 1216 1058 29.
1236 1018 1261 1067 l.
1278 1020 1341 1058 36.
1360 1019 1403 1068 ll.
1425 1020 1761 1059 subtrahendam

113 1071 169 1111 ab
181 1071 334 1110 vltimo
345 1078 576 1120 coaequata
590 1073 620 1118 D
632 1072 938 1135 Longitudine,
955 1079 1002 1111 ut
1013 1084 1143 1111 verus
1159 1073 1280 1111 locus
1296 1074 1324 1118 D
1337 1074 1517 1121 prodeat
1528 1074 1589 1112 26.
1604 1074 1645 1111 P.
1659 1074 1720 1111 23.
1736 1073 1760 1121 l.

113 1125 176 1164 20.
194 1123 238 1174 ΙΙ.
262 1127 318 1170 11,
340 1124 379 1164 &
399 1126 579 1174 quidem
599 1128 646 1164 in
665 1128 844 1174 proprio
864 1126 941 1164 suo
962 1124 1106 1165 ductu.
1123 1127 1178 1164 Vt
1194 1132 1342 1165 autem
1359 1128 1414 1165 ad
1431 1127 1683 1174 Eclipticam
1699 1139 1761 1165 re-

113 1179 309 1224 ducatur,
325 1190 456 1218 verus
471 1185 618 1218 motus
634 1179 895 1218 Latitudinis
911 1180 947 1218 8.
965 1180 1005 1218 S.
1022 1180 1085 1218 25.
1103 1180 1145 1218 P.
1163 1181 1198 1218 4.
1218 1179 1243 1227 l.
1260 1181 1296 1218 9.
1315 1179 1372 1228 ll„
1394 1181 1445 1218 de
1468 1192 1556 1228 quo
1578 1192 1681 1218 mox
1703 1181 1762 1218 di-

113 1232 314 1277 cendum,
327 1232 502 1271 exhibet
512 1235 559 1271 in
570 1233 732 1272 tabella
742 1233 845 1272 huic
858 1233 1004 1272 officio
1017 1233 1224 1272 destinata
1235 1234 1261 1271 l.
1276 1232 1300 1281 l.
1315 1235 1358 1271 11.
1373 1233 1429 1281 11.,
1443 1240 1488 1272 ut
1499 1245 1629 1272 verus
1641 1234 1762 1271 locus

113 1284 305 1334 respectu
320 1286 541 1334 Eclipticae
557 1286 682 1325 [1126.
699 1287 742 1325 Ρ.
759 1287 822 1325 22.
842 1285 867 1335 l.
884 1287 921 1325 9.
940 1285 984 1335 ll.
1009 1289 1064 1331 I,
1082 1289 1156 1335 qui
1173 1298 1274 1325 cum
1291 1298 1343 1325 eo
1359 1287 1469 1331 loco,
1487 1299 1618 1334 quem
1634 1287 1761 1334 supra

113 1350 190 1388 per
203 1339 376 1378 tabulas
391 1342 656 1385 invenimus,
673 1342 858 1379 omnino
876 1340 1095 1379 consentit.

551 1432 644 1477 DE
667 1432 1090 1477 LATITVDINE
1114 1432 1331 1476 LVNAE.

163 1500 347 1539 VNAM
371 1512 464 1539 non
487 1500 563 1539 sub
589 1500 809 1549 Ecliptica,
835 1501 949 1540 Solis
974 1503 1058 1543 via,
1087 1501 1352 1538 curriculum
1378 1499 1503 1538 suum
1528 1500 1762 1543 absolvere,

207 1556 410 1593 omnium
421 1559 603 1593 aetatum
613 1554 865 1593 Astronomi
874 1556 967 1602 jam
980 1555 1148 1592 dudum
1161 1554 1435 1601 exploratum
1447 1553 1621 1597 habent,
1639 1554 1762 1596 adeo.

114 1612 161 1645 ut
171 1607 496 1656 divagationem
505 1608 560 1646 ab
570 1619 625 1646 ea
633 1607 829 1646 obtinere
840 1607 1109 1656 deprehensa
1119 1607 1177 1651 fit,
1190 1610 1235 1645 in
1248 1610 1406 1655 quinos
1419 1618 1553 1654 quam
1565 1609 1762 1654 proxime

113 1661 273 1709 gradus
283 1661 500 1700 hincinde
512 1661 843 1706 excrescentem,
860 1662 988 1699 nodis
1003 1667 1163 1702 tamen.
1181 1660 1264 1698 five
1282 1659 1651 1698 interfectionibus
1664 1671 1763 1697 cum

114 1713 322 1762 Ecliptica
341 1717 388 1753 in
407 1714 559 1763 ijsdem
578 1715 686 1753 locis
706 1727 798 1753 non
819 1715 1190 1763 permanentibus,
1213 1714 1282 1752 sed
1304 1714 1535 1751 retrorsum
1556 1713 1638 1751 sese
1655 1715 1762 1751 anti-

114 1768 370 1816 cipantibus,
391 1770 463 1813 ita,
485 1774 531 1807 ut
551 1768 727 1817 singulis
743 1769 896 1807 diebus
912 1769 948 1807 3.
966 1769 1010 1806 11.
1029 1767 1066 1805 8(
1082 1770 1196 1805 intra
1212 1779 1353 1805 annos
1369 1767 1457 1805 fere
1474 1767 1763 1804 novendecim

113 1821 345 1869 periodum
367 1821 604 1861 absolvant.
628 1823 796 1860 Verum
818 1823 1023 1860 incassum
1048 1820 1259 1859 hactenus
1283 1832 1436 1858 omnes
1459 1819 1644 1858 artifices
1669 1831 1762 1866 per-

113 1873 284 1913 suasum
299 1875 562 1920 habuerunt,
579 1876 739 1914 limites
754 1877 963 1914 maximae
976 1875 1234 1913 Latitudinis
1254 1875 1282 1919 D
1300 1874 1373 1911 fibi
1385 1880 1595 1921 perpetuo
1608 1873 1764 1910 similes

113 1939 385 1976 permanere,
402 1928 440 1967 &
456 1931 653 1977 quinque
669 1929 845 1977 praecise
861 1929 1020 1977 gradus
1037 1930 1258 1976 attingere,
1276 1928 1406 1974 idque
1418 1928 1675 1974 potissimum
1688 1937 1763 1963 au-

113 1983 284 2021 toritate
298 1982 540 2027 Ptolomaei,
557 1994 691 2031 quem
702 1983 992 2031 Albategnius
1008 1981 1188 2025 secutus,
1206 1981 1243 2018 8(
1260 1980 1348 2028 post
1365 1980 1482 2018 hunc
1495 1979 1763 2027 Alphonsus;

115 2037 184 2073 cui
204 2037 337 2074 etiam
357 2036 632 2084 Copernicus
652 2038 785 2074 nimis
805 2035 964 2079 secure,
986 2037 1049 2073 uti
1070 2035 1180 2073 alias
1200 2034 1311 2081 saepe
1333 2036 1561 2081 acquievit.
1584 2032 1705 2079 Quin
1727 2031 1764 2069 &

115 2087 270 2127 Nodos
284 2088 398 2137 ipsos
413 2090 634 2138 aequalem
651 2090 689 2128 &
706 2089 953 2138 regularem
975 2089 1169 2127 obtinere
1191 2094 1361 2125 motum
1382 2086 1533 2124 frustra
1554 2084 1764 2124 hactenus

115 2141 327 2181 creditum
342 2142 414 2181 est:
431 2143 482 2181 In
497 2143 660 2182 horum
676 2145 796 2181 enim
812 2149 969 2181 neutro
986 2141 1308 2180 observationes
1325 2140 1479 2178 nossrae
1492 2140 1660 2177 summa
1672 2139 1764 2176 dili-

114 2197 259 2243 genua
267 2198 397 2235 annis
405 2196 575 2245 aliquot
584 2199 812 2245 praeteritis
822 2196 996 2239 habitae,
1005 2201 1203 2233 veterum
1212 2194 1517 2232 traditionibus
1524 2193 1609 2230 huc
1618 2192 1764 2239 usque.

115 2247 213 2288 licet
227 2249 303 2288 diu
318 2252 513 2298 receptis,
530 2250 828 2298 astipulantur.
853 2250 973 2288 Nam
989 2260 1081 2287 non
1097 2248 1236 2286 solum
1253 2247 1364 2286 alios
1380 2249 1587 2285 maximae
1605 2246 1764 2283 Latitu-

115 2301 228 2341 dinis
243 2302 415 2347 limites,
436 2315 573 2351 quam
588 2304 856 2342 Ptolomaeus
872 2302 1119 2351 praefinivit
1139 2302 1460 2342 adinvenimus.
1482 2299 1550 2337 sed
1569 2310 1643 2337 eos
1660 2310 1764 2345 quo·

116 2365 201 2403 que
216 2357 329 2395 inter
343 2356 384 2395 se
400 2356 608 2405 dispares:
630 2359 675 2395 in
693 2357 948 2405 Novilunijs
965 2356 1143 2403 quidem
1161 2355 1198 2393 81
1214 2354 1472 2401 Plenilunijs
1489 2353 1765 2390 Ptolemaicae

116 2407 388 2448 denotationi
413 2422 549 2458 quam
573 2413 773 2458 proxime
799 2409 1195 2457 correspondentes.
1222 2408 1346 2445 Tunc
1373 2410 1490 2445 enim
1514 2407 1685 2443 Lunam
1712 2404 1765 2441 ab

27 2461 98 2495 027
117 2460 324 2511 Ecliptica
343 2464 403 2502 di·
408 2460 544 2514 ngredi
565 2464 676 2512 posse
696 2464 733 2501 4.
751 2463 793 2501 P.
815 2463 878 2502 58.
898 2462 923 2510 Ι.
944 2463 1008 2501 30.
1032 2461 1074 2510 ll.
1098 2462 1373 2509 exploratum
1396 2460 1620 2498 habemus.
1644 2460 1699 2495 At
1721 2459 1764 2494 in

117 2515 396 2563 quadraturis
415 2519 542 2556 tertia
561 2517 650 2555 fere
671 2517 831 2565 gradus
851 2522 973 2564 parte
994 2515 1109 2554 hanc
1130 2515 1454 2562 divagationem
1475 2513 1672 2559 adauget
1695 2513 1764 2599 itat

225 2577 257 2604 ιε
1721 2575 1747 2599 11
