2243 3225
361 193 428 230 198
735 186 1188 226 ASTRONOMIAE
1209 183 1630 224 INSTAURATAE

358 309 434 345 per
454 302 592 334 toturn
609 294 724 333 Coeli
743 296 971 332 circuitum
991 295 1113 330 iuxta
1131 292 1374 330 Zodiacum
1391 291 1429 329 81
1444 290 1746 338 AEquatorem,
1767 291 2005 338 praesertim

359 350 567 397 quasdam
583 350 827 395 praecipuas
844 347 1066 394 eligemus.
1084 357 1185 392 quae
1199 356 1276 392 per
1290 344 1620 382 Declinationes
1637 350 1768 391 atque
1785 344 2004 383 distantias

358 403 609 443 obseruatae,
631 403 676 438 in
695 399 961 438 differentias
977 398 1306 436 Ascenfionales
1323 396 1473 436 Rec‘tas
1491 397 1770 436 Geometrice
1786 397 2004 436 deducan-

357 463 437 498 tur,
446 466 633 502 quaeque
644 453 768 491 fimul
778 450 982 495 collectae,
990 454 1206 499 integrum
1215 450 1443 489 Circulum
1453 450 1670 495 claudant,
1678 456 1721 488 vt
1730 451 1813 489 hac
1822 453 2004 495 ratione,

357 515 446 546 tam
463 508 851 545 Instrumentorum
868 504 1019 543 exaGta
1036 504 1246 542 certitudo
1263 503 1583 551 comprobetur,
1605 515 1740 551 quam
1760 504 2004 552 peculiares
2043 517 2058 541 5

358 562 562 609 quaedam
586 559 730 598 Stellae
755 570 832 606 per
857 559 1085 596 circuitum
1110 559 1242 595 totius
1265 557 1382 595 Coeli
1405 557 1461 595 ad
1486 557 1683 595 amussim
1708 557 2004 605 disponantur,

358 620 614 652 caeterarum
631 613 936 655 Inerrantium‚
960 610 997 648 &
1019 611 1270 649 Errantium
1287 610 1521 649 Stellarum
1541 610 1648 648 locis
1663 610 1843 649 vlterius
1862 613 2004 659 inqui-

357 668 514 709 rendis.
531 668 727 714 apprime
745 670 1018 713 opportunae.

410 720 547 758 Lubet
567 725 716 758 autem
736 718 920 765 idipsum
942 717 1060 765 quod
1075 717 1335 764 pollicemur
1350 717 1507 765 triplici
1523 715 1778 755 collectione
1794 723 1926 765 atque
1942 719 2005 756 in-

357 773 559 812 dudtione
577 773 925 819 experimentari,
943 776 1186 817 notumque
1203 770 1395 808 reddere.
2046 781 2078 807 10

409 827 554 864 Primo
571 837 647 873 per
663 831 851 872 quatuor
867 826 1113 872 praecipuas
1130 823 1340 871 quasdam
1357 823 1511 862 Stellas
1525 835 1551 862 a
1564 824 1729 862 Lucida
1747 829 1793 864 V
1811 823 1943 872 vsque
1959 826 2005 862 in

357 880 471 918 hanc
487 879 635 927 ipsam,
652 884 791 917 totum
809 878 924 916 Coeli
941 878 1170 915 Ambitum
1186 877 1470 915 includentes.

410 933 612 971 Secundo
628 932 683 970 ab
699 931 781 969 hac
799 933 930 969 etiam
948 943 1025 979 per
1045 930 1116 968 sex
1131 930 1375 978 peculiares
1391 930 1546 969 Stellas
1561 930 1783 969 viceuersa
1798 930 1853 969 ab
1869 930 2006 970 altera

356 992 476 1034 parte
493 985 845 1033 retrogrediendo
861 984 978 1022 idem
994 984 1294 1032 comprobare.

408 1039 554 1077 Tertio
567 1045 713 1076 autern
727 1050 780 1076 ex
792 1038 946 1076 eadem
957 1037 1097 1075 sumto
1109 1039 1247 1081 initio,
1259 1036 1519 1075 octonarum
1531 1037 1766 1076 Stellarum
1776 1036 2004 1082 beneficio,
2045 1048 2076 1074 15

357 1092 473 1131 Coeli
494 1091 888 1130 circumferentiam
906 1093 952 1128 in
971 1091 1205 1139 Signorum
1226 1090 1582 1138 consequentiam
1603 1090 2005 1139 compraehendere,

356 1146 393 1184 &
418 1148 609 1193 priorem
633 1145 812 1183 vlterius
838 1144 1110 1182 concludere.
1140 1144 1210 1182 Ne
1235 1156 1340 1182 vero
1365 1144 1528 1182 diutius
1553 1156 1621 1183 res
1646 1144 1743 1183 haec
1767 1143 2005 1188 differatur,

355 1211 472 1237 nunc
489 1205 628 1237 totum
644 1198 728 1237 hoc
744 1200 976 1246 negocium
992 1198 1200 1236 breuibus
1215 1203 1453 1246 pertexam.
1471 1194 1486 1248 ΙΙ

355 1341 434 1379 DE
444 1341 918 1380 ASCENSIONIBUS
930 1340 1132 1379 RECTIS
1142 1340 1545 1387 QUARUNDAM
1557 1339 2006 1380 PRAECIPUARUM
2035 1345 2095 1377 195

430 1403 784 1441 AFFIXARUM
801 1402 1172 1447 STELLARUM,
1190 1403 1224 1440 E
1240 1402 1575 1448 DISTANTIJS
1592 1402 1630 1440 &
1646 1403 1932 1442 DECLINA-
2044 1413 2078 1439 20

474 1465 755 1504 TIONIBUS
773 1464 1116 1504 EARUNDEM
1135 1464 1511 1509 OBSERUATIS,
1529 1464 1628 1503 ITA
1645 1465 1888 1504 DEMON-

540 1527 829 1566 STRATIUE
846 1527 1388 1571 COAUGMENTATIS,
1405 1527 1482 1565 VT
1498 1526 1822 1566 INTEGRUM

577 1589 728 1628 COELI
746 1590 1039 1628 AMBITUM
1057 1589 1237 1628 CIRCA
1253 1589 1583 1628 ZODIACUM
1600 1589 1782 1628 POTIS·

660 1652 876 1695 SIMUM,
893 1652 1005 1690 VEL
1022 1652 1154 1690 NON
1173 1651 1380 1690 LONGE
1396 1652 1474 1690 AB
1491 1651 1699 1698 AEQUA-

739 1714 893 1753 TORE
910 1713 1284 1758 INCLUDANT,
1302 1713 1492 1760 IDQUE
1508 1713 1630 1752 TR1=
2044 1725 2077 1750 25

828 1776 978 1815 PLICI
995 1775 1528 1815 COMPROBATIONE.

482 1918 586 1956 PER
604 1918 898 1964 QUATUOR
915 1856 1336 1957 STELLASLCOELI
1352 1918 1567 1957 TOTIUS
1583 1917 1876 1957 AMBITUM

543 1980 839 2019 RESPECTU
855 1980 1229 2027 AEQUATORIS.
1248 1980 1817 2020 COMPRAEHENDERE.

446 2051 733 2089 UATERNO
751 2054 942 2099 primum
959 2053 1192 2100 complexu
1208 2052 1461 2090 vniuersum
1474 2052 1648 2090 Caelum
1665 2051 1949 2095 includentes,
1967 2051 2005 2089 &
2043 2063 2077 2089 ³0

464 2105 673 2142 Lucidam
692 2105 858 2152 Capitis
877 2111 922 2144 V
942 2117 1020 2153 pro
1038 2106 1172 2144 limite
1189 2108 1399 2153 primario
1416 2107 1690 2153 accipientes.
1708 2104 2004 2143 Meridionale

355 2157 498 2204 Caput
522 2161 551 2197 Π
566 2189 573 2200 ,
591 2158 853 2205 Spicamque
866 2159 1067 2206 Virginis.
1084 2159 1121 2196 &
1135 2159 1345 2197 Lucidam
1358 2159 1554 2197 Vulturis
1566 2159 1755 2197 volantis
1767 2158 1947 2197 Stellam
1958 2160 2004 2196 in

354 2209 435 2247 hac
455 2213 594 2257 prima
614 2214 855 2258 pragmatia
872 2212 1165 2254 consulemus:
1189 2213 1323 2260 quue
1341 2224 1393 2250 ex
1411 2213 1478 2250 his
1494 2218 1624 2250 antea
1641 2212 1808 2250 caelitus
1824 2213 2003 2259 conqui-

354 2263 436 2300 fitis
450 2264 850 2306 Obseruationibus,
869 2266 1091 2312 Annoque
1109 2265 1444 2313 raeped16101585
1459 2266 1632 2313 expleto
1644 2265 2003 2313 competentibus.

408 2317 469 2353 Ex
487 2317 553 2354 his
571 2318 826 2355 dedomenis
843 2330 1002 2365 magna
1020 2318 1241 2357 sedulitate
1264 2319 1445 2367 desuper
1466 2319 1727 2366 conquisitis.
1749 2318 1786 2356 &
1808 2318 2002 2366 saepenu·
2042 2331 2075 2356 35

353 2381 474 2407 mero
495 2370 681 2417 Organis
703 2373 884 2408 minime
906 2371 1146 2412 fallacibus.
1169 2375 1379 2410 reiteratis
1401 2372 1657 2410 differentiae
1675 2371 2003 2410 Ascenfionales

354 2423 511 2460 harum
534 2423 779 2465 Stellarum.
805 2424 982 2462 Coelum
1004 2431 1141 2462 totum
1166 2425 1458 2472 dispescentes.
1483 2425 1689 2474 appofitae
1711 2425 2003 2473 Figuratiom's

353 2476 621 2514 adminiculo
639 2476 917 2514 Geometrice
935 2480 1219 2524 inquiremus.

1790 2531 2003 2570 Distantia
