2164 3246
75 795 106 821 10

54 896 119 929 354

75 1062 105 1088 15

70 1598 104 1624 25

70 1865 104 1892 30

70 2132 104 2159 35

385 194 1044 236 PROGYMNASMATUM
1066 198 1379 238 SECUNDA
1401 201 1552 240 PARS
1719 203 1795 241 343

145 300 314 348 censeo)
334 299 557 339 Dodlrim’s
574 303 707 339 etiam
722 301 975 342 liberalibus
992 307 1201 344 eximiam
1218 318 1399 354 operam
1415 308 1703 355 vtplurimum
1719 321 1795 347 na-

144 356 318 399 uarunt,
335 353 678 393 familiaritatem
689 362 936 403 pergratam
948 361 1156 397 contraxi.
1174 359 1268 397 Prae
1281 362 1447 399 caeteris
1460 373 1563 399 vero
1576 374 1676 400 cum
1688 363 1794 401 duo—

143 408 225 446 bus
241 408 462 446 Fratribus
480 407 834 453 HAINZELIIS,
853 422 1043 458 quorum
1057 424 1170 450 vnus
1182 413 1498 453 IOHANNES
1511 415 1794 454 BAPTISTA

144 461 491 510 Septemuiratus
521 460 681 500 Officio
712 463 944 508 eminebat,
974 464 1082 503 alter
1112 466 1320 505 PAVLVS
1345 468 1602 515 appellatus,
1630 469 1795 507 Consul

143 514 471 554 anniuersarius
497 520 601 559 erat,
629 517 705 562 qui
730 516 862 554 ambo
888 517 1040 556 Literis
1066 518 1404 558 humanioribus
1430 524 1596 570 egregie
1623 523 1793 566 exculti,

142 568 447 607 Astronomico
473 570 606 606 etiam
630 568 767 607 studio
792 570 1034 617 plurimum
1059 571 1397 617 deleclabantun
1426 575 1662 622 praesertim
1688 577 1793 614 Am-

142 621 348 670 plissimus
368 621 440 660 ille
462 621 500 660 &
521 620 796 660 Dofflssimus
817 623 980 662 Paulus
1001 625 1276 669 Hainzelius,
1299 629 1374 674 qui
1394 627 1496 666 huic
1513 629 1609 666 Arti
1627 631 1793 677 impen-

142 675 239 721 fius,
260 681 432 714 naturae
448 675 644 723 quodam
660 674 804 720 ductu,
821 676 1017 716 addictus
1033 679 1272 717 videbatur.
1296 680 1412 718 Cum
1434 683 1561 729 igitur
1582 694 1663 720 nos
1681 685 1792 721 inui-

143 740 239 768 cem
253 728 433 767 subinde
449 740 527 777 per
542 731 682 767 otium
699 729 998 775 inuiseremus,
1016 738 1146 779 atque
1161 733 1213 770 de
1226 733 1399 781 Studijs‚
1417 734 1575 782 quibus
1592 738 1793 783 vtrinque

142 781 457 827 afficiebamur,
474 781 786 827 conferremus,
806 785 958 822 accidit
975 790 1018 822 vt
1034 785 1272 824 delineanti
1288 787 1667 836 subdiuidentique
1684 790 1793 827 mihi

142 838 188 874 in
199 835 363 881 charta,
376 836 601 884 quoddam
613 836 964 881 Instrumentum,
980 850 1068 885 quo
1081 839 1369 886 explorarem,
1382 847 1595 888 quantam
1607 840 1792 892 capaci-ss

141 894 275 928 tatem
291 891 542 937 requireret,
559 895 603 928 vt
618 889 888 938 fingulorum
904 891 1185 930 Minutorum
1197 894 1525 932 denotationem
1537 895 1712 934 discrete
1725 908 1791 934 ca-

141 948 273 991 peret,
289 943 362 981 ille
378 945 424 981 in
440 942 712 982 habitatione
724 955 825 982 mea
839 944 1148 992 superueniret,
1166 946 1204 984 8(
1221 948 1324 994 quid
1337 959 1428 995 prae
1440 949 1644 987 manibus
1660 949 1791 987 habe-

142 1008 248 1042 rem,
265 995 556 1035 sciscitaretur.
576 996 637 1035 Re
656 999 779 1035 omni
796 1009 901 1035 mox
920 999 1122 1043 indicata,
1140 999 1178 1037 8(
1195 1000 1452 1047 Quadrante
1469 1013 1601 1048 quem
1618 1002 1792 1051 effinge-

141 1049 256 1095 bam,
278 1055 457 1098 quantae
477 1050 793 1099 magnitudinis
809 1050 931 1096 foret,
952 1058 995 1089 vt
1015 1052 1190 1100 singulis
1206 1056 1386 1092 minutis
1403 1055 1679 1102 aliquantula
1695 1068 1791 1103 por-

140 1105 260 1142 tione
271 1103 714 1152 compraehendendis
727 1104 952 1149 sufficeret,
970 1109 1207 1153 exponenti
1218 1107 1340 1151 mihi,
1357 1107 1570 1155 fimulque
1582 1108 1791 1153 suadenti,

140 1162 184 1196 vt
199 1157 285 1196 tale
302 1158 407 1206 quid
423 1159 470 1196 in
480 1158 601 1196 Artis
617 1158 902 1196 commodum
916 1159 1186 1204 moliremur,
1204 1161 1427 1199 annuebat
1443 1161 1515 1199 ille
1532 1161 1682 1205 statim,
1700 1165 1791 1200 aui-

141 1210 282 1259 deque
303 1211 602 1250 conditionem
625 1213 802 1259 accepit.
827 1211 952 1250 Visus
973 1212 1028 1250 est
1048 1219 1197 1251 tamen
1218 1214 1422 1252 nonnihil
1443 1216 1791 1263 magnitudinem

140 1264 253 1304 adeo
272 1267 495 1313 ingentem
516 1277 652 1313 quam
672 1264 1045 1313 praedefiniebam‚
1068 1266 1271 1311 auersari,
1294 1268 1412 1315 quod
1433 1269 1623 1306 multum
1640 1280 1791 1316 opera-

141 1329 240 1356 rum
255 1323 387 1367 atque
402 1318 701 1367 impensarum
717 1321 969 1366 requireret.
987 1320 1045 1357 At
1062 1331 1141 1368 ego
1158 1320 1219 1358 illi
1237 1321 1427 1368 exposui,
1445 1321 1522 1359 nili
1535 1328 1668 1360 tantae
1682 1322 1791 1360 foret

141 1373 404 1420 capacitatis,
424 1384 518 1411 non
537 1371 664 1411 facile
685 1372 852 1420 fingula
871 1375 1043 1411 minuta
1064 1373 1402 1417 discriminatim,
1424 1381 1467 1413 vt
1489 1387 1642 1413 eorum
1659 1378 1791 1414 etiam

140 1425 350 1474 aliquotae
363 1425 591 1474 particulae
603 1425 941 1474 defignarentur,
958 1427 1166 1474 praebere,
1184 1428 1371 1475 ideoque
1384 1428 1537 1473 vfibus,
1554 1429 1791 1476 praesertim

141 1484 357 1527 quantum
381 1479 438 1518 ad
463 1479 577 1518 Solis
603 1479 943 1519 Obseruationes
974 1482 1137 1525 attinet,
1168 1483 1315 1519 minus
1345 1481 1541 1520 futurum
1567 1482 1789 1527 idoneum,

141 1532 302 1581 (neque
319 1535 438 1572 enim
453 1532 793 1572 subdiuifionem
809 1533 932 1572 illam
947 1535 1166 1582 graduum
1177 1534 1507 1573 transuersalem
1518 1541 1621 1574 tunc
1634 1548 1790 1584 cogno-

140 1597 311 1631 ueram;
327 1586 399 1626 sed
414 1586 565 1626 saltem
576 1587 746 1635 vulgari
763 1587 896 1625 modo
908 1587 1068 1635 gradus
1080 1588 1233 1626 ordine
1245 1590 1291 1626 in
1302 1588 1378 1626 sua
1390 1591 1560 1627 minuta
1572 1589 1790 1627 distribue-

139 1639 259 1687 bam)
280 1640 463 1679 Addens
483 1652 662 1689 quoque
683 1640 794 1679 nulli
816 1641 976 1679 Labori
997 1647 1072 1679 aut
1093 1641 1265 1680 Sumtui
1286 1644 1332 1679 in
1353 1648 1442 1680 tam
1464 1645 1625 1687 eximio
1646 1643 1790 1690 Opere

139 1693 423 1741 parcendum,
444 1706 546 1733 cum
566 1694 706 1732 multo
728 1694 827 1742 plus
848 1694 1009 1732 horum
1030 1696 1076 1732 in
1096 1695 1226 1733 rebus
1242 1695 1445 1733 vilissimis
1466 1698 1638 1743 citoque
1659 1696 1789 1734 trans-

139 1747 356 1792 euntibus,
376 1747 576 1786 inutilius
596 1747 889 1796 impendatur.
912 1748 1024 1786 Haec
1040 1760 1145 1786 vero
1162 1749 1478 1796 proponebam,
1499 1761 1590 1787 non
1612 1750 1790 1796 quidem

139 1806 267 1849 prout
282 1806 386 1840 tunc
402 1802 541 1840 obiter
555 1803 602 1840 in
617 1807 812 1840 mentem
827 1808 1039 1840 venerant
1056 1803 1438 1850 impraemeditata;
1459 1802 1529 1840 sed
1550 1803 1790 1840 multorum

139 1854 377 1893 Annorum
400 1855 502 1894 inde
525 1867 553 1894 a
575 1857 763 1903 pueritia
787 1855 1101 1893 deliberatione
1124 1855 1346 1903 perpensa.
1374 1856 1557 1894 Dudum
1581 1858 1698 1893 enim
1722 1868 1789 1894 co-

139 1919 382 1956 gnoueram
397 1909 586 1957 puerilia
601 1909 677 1947 illa
690 1909 881 1957 Organa,
899 1920 1000 1956 quae
1012 1916 1055 1947 vt
1070 1909 1312 1956 plurimum
1328 1909 1383 1947 ab
1395 1909 1685 1947 Astronorniae
1703 1910 1789 1947 cul·

139 1961 304 2000 toribus
316 1964 362 2000 in
374 1962 622 2001 Germania
636 1961 887 2007 tractantur,
904 1962 1015 2000 nihil
1031 1962 1216 2010 prorsus,
1234 1963 1352 2010 quod
1368 1963 1500 2000 solide
1517 1963 1572 2001 ad
1589 1962 1790 2000 Siderum

139 2015 431 2054 indubitatam
443 2016 808 2055 Obseruationem
820 2015 992 2060 faceret,
1010 2016 1180 2054 adferre
1192 2016 1359 2064 subfidij
1367 2047 1374 2059 ,
1390 2016 1427 2054 8(
1442 2018 1530 2054 iam
1542 2017 1672 2054 antea
1685 2028 1789 2063 qua-

140 2067 314 2107 drantes
337 2069 676 2115 construxeram,
699 2071 831 2108 trium
852 2069 921 2107 vel
945 2076 1135 2116 quatuor
1158 2069 1405 2107 cubitorum
1426 2071 1452 2107 a
1473 2069 1636 2108 Centro
1659 2069 1789 2116 vsque

140 2121 195 2160 ad
212 2122 620 2168 circumferentiam,
637 2123 707 2161 sed
724 2135 778 2161 ne
796 2122 842 2160 hi
858 2123 1037 2170 quidem
1053 2123 1248 2161 adhibita
1265 2123 1501 2170 praesertim
1513 2123 1680 2170 vulgari
1697 2122 1789 2160 sub-

57 2179 120 2213 355
140 2175 362 2215 diuifionis
371 2177 518 2222 modo,
530 2177 762 2221 subtilitati,
775 2188 911 2224 quam
921 2173 936 2226 ΙΙ
946 2178 1171 2224 negotium
1180 2176 1263 2214 hoc
1274 2176 1534 2223 requirebat,
1547 2175 1789 2214 satisfacere

70 2399 104 2426 40

139 2229 411 2268 videbantur.
429 2230 551 2278 Quin
568 2230 606 2268 &
623 2242 676 2269 ex
694 2231 816 2278 Radij
836 2229 1126 2268 Astronomici
1142 2228 1410 2274 tractatione,
1428 2232 1551 2268 cuius
1567 2229 1665 2267 vsus
1681 2229 1789 2267 mihi

139 2282 240 2321 inde
256 2294 284 2322 a
298 2284 341 2322 17
357 2286 497 2323 aetatis
512 2285 648 2322 Anno
665 2283 894 2323 familiaris
911 2290 1013 2327 erat,
1031 2283 1129 2322 satis
1145 2283 1343 2327 sciebam,
1361 2283 1444 2321 istis
1461 2285 1610 2331 paruis
1626 2283 1663 2320 8(
1680 2283 1789 2321 ludi-

140 2337 222 2374 cris
237 2336 534 2376 Inssrumentis
550 2338 661 2376 nihil
678 2339 848 2386 egregij,
866 2336 904 2374 8(
925 2338 1043 2384 quod
1060 2337 1115 2375 ad
1132 2338 1250 2375 Artis
1266 2337 1577 2375 restitutionem
1598 2336 1788 2384 impense

139 2387 281 2435 faciat,
301 2389 415 2430 effici
435 2392 558 2440 posse.
579 2391 717 2430 Totus
737 2393 867 2440 igitur
887 2393 933 2428 in
954 2390 1037 2429 hoc
1058 2390 1271 2435 versabar,
1293 2397 1336 2428 vt
1357 2390 1694 2428 Instrumentum
1715 2397 1788 2427 aut

140 2442 326 2489 nullum,
347 2450 423 2483 aut
443 2457 579 2493 quam
599 2447 847 2484 maximum
868 2443 1197 2482 conficeremus.
1220 2444 1267 2482 Id
1289 2446 1406 2482 enim
1428 2444 1536 2481 mihi
1556 2443 1642 2491 ipfi,
1665 2443 1693 2480 fi
1714 2443 1788 2480 ali-

141 2497 320 2544 quando
336 2500 477 2536 otium
492 2500 538 2537 in
549 2510 638 2537 vno
654 2499 752 2537 loco
769 2498 1030 2546 aliquandiu
1043 2498 1346 2536 commorandi
1359 2498 1680 2538 concederetur,
1698 2508 1787 2557 orn-

1683 2561 1787 2586 nino
