2248 3298
442 239 1102 279 PROGYMNASMATUM
1124 241 1327 280 PRIMA
1349 242 1499 281 PARS
1749 242 1799 280 27

147 350 241 387 trici
262 358 362 395 quae
383 351 596 394 perpetuo
616 346 838 384 assumitur
858 347 1071 391 10000000,
1094 347 1132 385 &
1153 348 1253 392 DC,
1275 349 1579 387 Eccentricitas
1600 351 1720 397 prius
1737 351 1799 387 in-

148 401 301 450 quifita
312 400 471 439 358400
483 399 668 446 (tantam
680 401 799 438 enim
810 400 971 448 vbique
983 403 1168 439 retinere
1180 402 1372 449 placuit).
1387 403 1498 450 Ergo
1511 414 1586 450 per
1598 403 1700 441 data
1711 403 1799 441 duo

147 456 284 495 latera
295 453 524 501 Angulum
539 459 696 491 notum
711 454 964 497 ambientia,
981 466 1072 492 non
1086 455 1234 493 latebit
1246 455 1447 493 Scientiae
1459 456 1799 503 Triangulorum

147 509 384 558 planorum
399 518 537 555 gnaro
549 506 753 555 Angulus
766 507 807 544 D
816 507 850 545 B
859 506 909 551 C,
927 509 1002 554 qui
1014 508 1234 546 mensurat
1246 509 1382 556 ipsam
1394 509 1799 557 Prosthaphaerefin.

148 561 440 601 differentiam
455 560 655 598 videlicet
672 572 761 607 qua
781 560 905 598 locus
921 560 1034 599 Solis
1053 561 1177 599 aliter
1193 563 1363 600 videtur
1380 574 1433 600 ex
1451 562 1487 600 C
1505 574 1639 610 quam
1656 563 1710 600 D.
1733 563 1799 600 In-

148 617 251 655 ueni
267 619 417 653 autem
432 613 548 652 hanc
559 612 734 661 peraeta
746 616 1002 661 operatione
1019 620 1125 662 part.
1139 615 1175 653 O.
1188 617 1293 653 min.
1306 616 1368 653 59.
1382 615 1458 653 sec.
1471 617 1534 658 44,
1552 628 1651 663 quae
1665 616 1799 653 osten-

148 670 208 708 dit
227 672 445 717 quantum
465 667 734 705 demendum
753 667 800 705 fit
820 667 984 715 aequali
1000 670 1153 712 motui,
1169 674 1213 706 vt
1229 680 1359 707 verus
1375 668 1488 707 Solis
1504 669 1626 707 locus
1642 675 1798 716 pateat.

203 1957 301 1996 Pari
321 1956 456 1995 modo
472 1956 573 1995 Sole
592 1959 716 1995 iuxta
731 1956 778 1994 H
795 1955 1023 1994 constituto
1044 1956 1090 1992 in
1110 1954 1308 1992 distantia
1329 1953 1382 1991 ab
1400 1953 1598 2000 Apogaeo
1621 1951 1688 1990 150
1708 1962 1803 1998 par·

150 2012 272 2055 tium,
293 2012 373 2049 erit
392 2012 439 2048 in
453 2009 695 2059 Triangulo
712 2009 867 2053 CHD,
889 2008 1093 2056 Angulus
1114 2007 1255 2046 HCD
1276 2012 1490 2053 tanquam
1511 2005 1804 2053 complemen-

84 2071 114 2097 ¹⁰
150 2069 244 2103 tum
263 2062 479 2109 antedidti,
500 2069 607 2112 part.
624 2064 688 2103 30.
710 2064 868 2102 Latera
884 2074 989 2100 vero
1006 2062 1245 2100 ambientia
1261 2060 1421 2107 vbique
1438 2064 1619 2097 manent
1636 2059 1803 2099 eadem.

149 2123 194 2156 vt
208 2119 330 2166 prius
345 2117 438 2156 HC
454 2118 669 2162 10000000,
687 2117 725 2155 &
742 2116 829 2156 CD
847 2116 1091 2155 eorundem
1106 2115 1276 2158 358400,
1295 2125 1397 2162 ergo
1413 2113 1586 2151 dabitur
1602 2111 1804 2159 Angulus

76 2176 114 2209 31
151 2171 305 2216 CHD,
326 2176 433 2219 part.
451 2172 478 2209 1.
497 2169 522 2219 l.
539 2171 576 2210 3.
595 2169 639 2220 ll.
655 2171 719 2215 33,
741 2173 817 2218 qui
836 2169 1025 2217 defignat
1042 2166 1436 2215 Prosthaphaerefin
1453 2167 1508 2204 ad
1525 2161 1804 2215 distanti-uam

149 2225 204 2264 ab
217 2224 503 2273 Apogae0150
517 2227 721 2273 partium,
742 2224 830 2262 fiue
852 2223 989 2271 (quod
1005 2222 1122 2260 idem
1139 2221 1211 2268 est)
1230 2222 1253 2260 5
1271 2221 1505 2269 Signorurn
1524 2220 1549 2257 0
1566 2219 1683 2267 grad.
1703 2230 1803 2265 quae

150 2278 295 2317 adhuc
310 2277 506 2317 ablatiua
522 2278 590 2317 est.
608 2278 728 2316 Nam
744 2280 789 2316 in
805 2282 896 2315 toto
912 2278 1047 2324 priori
1064 2274 1348 2314 Semicirculo
1365 2274 1418 2312 ab
1436 2274 1489 2316 Α.
1511 2284 1587 2320 per
1604 2272 1646 2310 G
1663 2274 1708 2310 in
1726 2272 1742 2309 I
1759 2271 1804 2309 fit

84 2339 114 2365 ¹⁵
150 2330 378 2371 subtradtio
399 2331 783 2380 Prosthaphaerefis
806 2343 832 2369 a
855 2329 1035 2378 fimplici
1057 2334 1193 2373 motu,
1218 2340 1271 2366 eo
1295 2328 1413 2375 quod
1436 2327 1523 2364 illic
1547 2326 1668 2364 locus
1692 2325 1804 2364 Solis

150 2396 280 2424 verus
303 2386 530 2424 antecedat
552 2385 762 2429 medium,
788 2386 834 2422 in
860 2384 1030 2431 reliquo
1053 2394 1159 2420 vero
1180 2383 1414 2429 requiritur
1437 2380 1601 2418 additio
1625 2379 1679 2417 ob
1704 2390 1803 2417 eon-

150 2441 330 2478 trariam
346 2441 576 2477 rationem.

203 2492 407 2531 Maxima
423 2498 572 2531 autem
588 2490 973 2539 Prosthaphaerefis
989 2501 1090 2537 quae
1108 2491 1357 2536 contingere
1374 2486 1518 2535 potest,
1539 2486 1592 2524 est
1611 2488 1731 2523 iuxta
1749 2484 1803 2526 G.

150 2547 196 2584 in
212 2557 266 2584 eo
281 2545 481 2584 videlicet
497 2546 735 2584 Eccentrici
756 2545 866 2587 loco.
888 2544 959 2581 vbi
976 2543 1094 2580 linea
1111 2554 1136 2580 a
1153 2542 1208 2585 D,
1231 2542 1395 2580 Centro
1413 2540 1573 2578 Mundi
1594 2536 1803 2598 produd‘ta

256 2607 289 2632 4·
1760 2602 1803 2627 in
