<?xml version="1.0" encoding="UTF-8"?>
<!DOCTYPE html PUBLIC "-//W3C//DTD XHTML 1.0 Transitional//EN"
    "http://www.w3.org/TR/xhtml1/DTD/xhtml1-transitional.dtd">
<html xmlns="http://www.w3.org/1999/xhtml" xml:lang="en" lang="en">
 <head>
  <title>
</title>
<meta http-equiv="Content-Type" content="text/html;charset=utf-8" />
  <meta name='ocr-system' content='tesseract 3.04.00' />
  <meta name='ocr-capabilities' content='ocr_page ocr_carea ocr_par ocr_line ocrx_word'/>
</head>
<body>
  <div class='ocr_page' id='page_1' title='image "./operaomniaedidit02brahuoft/operaomniaedidit02brahuoft_0369.png"; bbox 0 0 2164 3246; ppageno 0'>
   <div class='ocr_carea' id='block_1_1' title="bbox 66 310 1423 396">
    <p class='ocr_par' dir='ltr' id='par_1_1' title="bbox 66 310 1423 396">
     <span class='ocr_line' id='line_1_1' title="bbox 66 310 1423 396; baseline 0.005 -20"><span class='ocrx_word' id='word_1_1' title='bbox 66 343 130 376; x_wconf 85' lang='lat'>368</span> <span class='ocrx_word' id='word_1_2' title='bbox 541 310 878 379; x_wconf 88' lang='lat' dir='ltr'><strong>CAPVT</strong></span> <span class='ocrx_word' id='word_1_3' title='bbox 914 314 1423 396; x_wconf 90' lang='lat' dir='ltr'><strong>QVINTVM.</strong></span> 
     </span>
    </p>
   </div>
   <div class='ocr_carea' id='block_1_2' title="bbox 102 404 1748 702">
    <p class='ocr_par' dir='ltr' id='par_1_2' title="bbox 102 404 1748 702">
     <span class='ocr_line' id='line_1_2' title="bbox 212 404 1748 461; baseline 0.004 -13"><span class='ocrx_word' id='word_1_4' title='bbox 212 405 304 449; x_wconf 93' lang='lat' dir='ltr'>DE</span> <span class='ocrx_word' id='word_1_5' title='bbox 327 404 553 449; x_wconf 91' lang='lat' dir='ltr'>HUIUS</span> <span class='ocrx_word' id='word_1_6' title='bbox 575 404 853 450; x_wconf 88' lang='lat' dir='ltr'>STELLAE</span> <span class='ocrx_word' id='word_1_7' title='bbox 876 407 1252 461; x_wconf 90' lang='lat' dir='ltr'>EXQUISITO</span> <span class='ocrx_word' id='word_1_8' title='bbox 1277 409 1480 461; x_wconf 90' lang='lat' dir='ltr'><strong>LOCO,</strong></span> <span class='ocrx_word' id='word_1_9' title='bbox 1502 409 1649 454; x_wconf 87' lang='lat' dir='ltr'>TAM</span> <span class='ocrx_word' id='word_1_10' title='bbox 1675 410 1748 454; x_wconf 91' lang='lat' dir='ltr'>IN</span> 
     </span>
     <span class='ocr_line' id='line_1_3' title="bbox 242 472 1717 520; baseline 0.004 -9"><span class='ocrx_word' id='word_1_11' title='bbox 242 472 669 512; x_wconf 90' lang='lat' dir='ltr'>LONGITUDINE</span> <span class='ocrx_word' id='word_1_12' title='bbox 691 473 729 510; x_wconf 99' lang='grc'>8(</span> <span class='ocrx_word' id='word_1_13' title='bbox 750 474 1133 520; x_wconf 86' lang='lat' dir='ltr'>LATITUDINE‚</span> <span class='ocrx_word' id='word_1_14' title='bbox 1156 476 1453 516; x_wconf 89' lang='lat' dir='ltr'>RESPECTU</span> <span class='ocrx_word' id='word_1_15' title='bbox 1476 478 1717 516; x_wconf 88' lang='lat' dir='ltr'><strong>ECLIPTI-</strong></span> 
     </span>
     <span class='ocr_line' id='line_1_4' title="bbox 273 535 1688 585; baseline 0.004 -12"><span class='ocrx_word' id='word_1_16' title='bbox 273 535 381 581; x_wconf 91' lang='lat' dir='ltr'>CAE,</span> <span class='ocrx_word' id='word_1_17' title='bbox 403 535 588 582; x_wconf 88' lang='lat' dir='ltr'><strong>QUAM</strong></span> <span class='ocrx_word' id='word_1_18' title='bbox 610 535 1065 576; x_wconf 87' lang='lat' dir='ltr'>DECLINATIONE</span> <span class='ocrx_word' id='word_1_19' title='bbox 1087 538 1292 585; x_wconf 87' lang='lat' dir='ltr'><strong>ATQUE</strong></span> <span class='ocrx_word' id='word_1_20' title='bbox 1313 540 1688 578; x_wconf 86' lang='lat' dir='ltr'>ASCENSIONE</span> 
     </span>
     <span class='ocr_line' id='line_1_5' title="bbox 102 596 1658 645; baseline 0.002 -8"><span class='ocrx_word' id='word_1_21' title='bbox 102 612 118 637; x_wconf 84' lang='lat'>5</span> <span class='ocrx_word' id='word_1_22' title='bbox 302 597 509 641; x_wconf 89' lang='lat' dir='ltr'>RECTA,</span> <span class='ocrx_word' id='word_1_23' title='bbox 531 596 750 643; x_wconf 88' lang='lat' dir='ltr'><strong>QUOAD</strong></span> <span class='ocrx_word' id='word_1_24' title='bbox 771 598 1184 645; x_wconf 85' lang='lat' dir='ltr'><strong>AEQUATOREM,</strong></span> <span class='ocrx_word' id='word_1_25' title='bbox 1207 601 1599 645; x_wconf 84' lang='lat' dir='ltr'>INDAGANDO,</span> <span class='ocrx_word' id='word_1_26' title='bbox 1622 602 1658 640; x_wconf 91' lang='grc'>8(</span> 
     </span>
     <span class='ocr_line' id='line_1_6' title="bbox 514 659 1449 702; baseline 0.005 -5"><span class='ocrx_word' id='word_1_27' title='bbox 514 659 905 699; x_wconf 88' lang='lat' dir='ltr'>GEOMETRICE</span> <span class='ocrx_word' id='word_1_28' title='bbox 927 661 1449 702; x_wconf 88' lang='lat' dir='ltr'>DEMONSTRANDO.</span> 
     </span>
    </p>
   </div>
   <div class='ocr_carea' id='block_1_3' title="bbox 68 735 1806 2284">
    <p class='ocr_par' dir='ltr' id='par_1_3' title="bbox 429 735 1804 1054">
     <span class='ocr_line' id='line_1_7' title="bbox 485 735 1803 786; baseline 0.005 -14"><span class='ocrx_word' id='word_1_29' title='bbox 485 735 527 773; x_wconf 94' lang='lat' dir='ltr'>X</span> <span class='ocrx_word' id='word_1_30' title='bbox 538 737 604 783; x_wconf 91' lang='lat' dir='ltr'>ijs,</span> <span class='ocrx_word' id='word_1_31' title='bbox 619 747 720 783; x_wconf 85' lang='lat' dir='ltr'>quae</span> <span class='ocrx_word' id='word_1_32' title='bbox 731 739 857 774; x_wconf 90' lang='lat' dir='ltr'>tertio</span> <span class='ocrx_word' id='word_1_33' title='bbox 871 736 1024 784; x_wconf 82' lang='lat' dir='ltr'>Capite</span> <span class='ocrx_word' id='word_1_34' title='bbox 1037 739 1229 785; x_wconf 87' lang='lat' dir='ltr'>generali</span> <span class='ocrx_word' id='word_1_35' title='bbox 1242 740 1436 786; x_wconf 87' lang='lat' dir='ltr'>quadam</span> <span class='ocrx_word' id='word_1_36' title='bbox 1449 739 1803 783; x_wconf 63' lang='lat' dir='ltr'>commeratione,</span> 
     </span>
     <span class='ocr_line' id='line_1_8' title="bbox 485 788 1803 838; baseline 0.004 -12"><span class='ocrx_word' id='word_1_37' title='bbox 485 791 599 827; x_wconf 88' lang='lat' dir='ltr'>circa</span> <span class='ocrx_word' id='word_1_38' title='bbox 615 788 760 827; x_wconf 84' lang='lat' dir='ltr'>Stellae</span> <span class='ocrx_word' id='word_1_39' title='bbox 782 789 915 828; x_wconf 90' lang='lat' dir='ltr'>huius</span> <span class='ocrx_word' id='word_1_40' title='bbox 932 792 1226 838; x_wconf 86' lang='lat' dir='ltr'>Apparentias</span> <span class='ocrx_word' id='word_1_41' title='bbox 1248 794 1293 830; x_wconf 88' lang='lat' dir='ltr'>in</span> <span class='ocrx_word' id='word_1_42' title='bbox 1313 793 1510 830; x_wconf 93' lang='lat' dir='ltr'>medium</span> <span class='ocrx_word' id='word_1_43' title='bbox 1526 793 1803 837; x_wconf 79' lang='lat' dir='ltr'>adduximus,</span> 
     </span>
     <span class='ocr_line' id='line_1_9' title="bbox 485 841 1804 894; baseline 0.003 -14"><span class='ocrx_word' id='word_1_44' title='bbox 485 841 586 880; x_wconf 87' lang='lat' dir='ltr'>fitus</span> <span class='ocrx_word' id='word_1_45' title='bbox 596 843 775 890; x_wconf 91' lang='lat' dir='ltr'>quidem</span> <span class='ocrx_word' id='word_1_46' title='bbox 785 845 878 881; x_wconf 93' lang='lat' dir='ltr'>eius</span> <span class='ocrx_word' id='word_1_47' title='bbox 888 846 998 882; x_wconf 89' lang='lat' dir='ltr'>inter</span> <span class='ocrx_word' id='word_1_48' title='bbox 1007 844 1244 892; x_wconf 86' lang='lat' dir='ltr'>Cassiopeae</span> <span class='ocrx_word' id='word_1_49' title='bbox 1255 845 1422 887; x_wconf 81' lang='lat' dir='ltr'>Stellas,</span> <span class='ocrx_word' id='word_1_50' title='bbox 1432 846 1501 884; x_wconf 91' lang='lat' dir='ltr'>sed</span> <span class='ocrx_word' id='word_1_51' title='bbox 1512 847 1600 884; x_wconf 90' lang='lat' dir='ltr'>lato</span> <span class='ocrx_word' id='word_1_52' title='bbox 1611 847 1804 894; x_wconf 90' lang='lat' dir='ltr'>quodam</span> 
     </span>
     <span class='ocr_line' id='line_1_10' title="bbox 484 896 1804 946; baseline 0.004 -13"><span class='ocrx_word' id='word_1_53' title='bbox 484 896 618 934; x_wconf 91' lang='lat' dir='ltr'>modo</span> <span class='ocrx_word' id='word_1_54' title='bbox 631 899 786 943; x_wconf 86' lang='lat' dir='ltr'>patuit;</span> <span class='ocrx_word' id='word_1_55' title='bbox 799 903 842 934; x_wconf 89' lang='lat' dir='ltr'>at</span> <span class='ocrx_word' id='word_1_56' title='bbox 852 909 969 935; x_wconf 94' lang='lat' dir='ltr'>nunc</span> <span class='ocrx_word' id='word_1_57' title='bbox 979 900 1168 945; x_wconf 82' lang='lat' dir='ltr'>penitius</span> <span class='ocrx_word' id='word_1_58' title='bbox 1179 898 1216 936; x_wconf 88' lang='grc'>8(</span> <span class='ocrx_word' id='word_1_59' title='bbox 1225 899 1513 946; x_wconf 86' lang='lat' dir='ltr'>scrupulofius</span> <span class='ocrx_word' id='word_1_60' title='bbox 1523 911 1616 937; x_wconf 91' lang='lat' dir='ltr'>rem</span> <span class='ocrx_word' id='word_1_61' title='bbox 1626 911 1804 938; x_wconf 91' lang='lat' dir='ltr'>omnem</span> 
     </span>
     <span class='ocr_line' id='line_1_11' title="bbox 486 949 1803 999; baseline 0.003 -12"><span class='ocrx_word' id='word_1_62' title='bbox 486 949 775 995; x_wconf 89' lang='lat' dir='ltr'>enucleando,</span> <span class='ocrx_word' id='word_1_63' title='bbox 798 962 820 988; x_wconf 94' lang='lat' dir='ltr'>e</span> <span class='ocrx_word' id='word_1_64' title='bbox 842 951 1048 999; x_wconf 83' lang='lat' dir='ltr'>distantiJ&#39;s</span> <span class='ocrx_word' id='word_1_65' title='bbox 1065 964 1091 989; x_wconf 89' lang='lat' dir='ltr'>a</span> <span class='ocrx_word' id='word_1_66' title='bbox 1107 954 1260 990; x_wconf 91' lang='lat' dir='ltr'>vicinis</span> <span class='ocrx_word' id='word_1_67' title='bbox 1277 953 1468 991; x_wconf 89' lang='lat' dir='ltr'>eiusdem</span> <span class='ocrx_word' id='word_1_68' title='bbox 1485 953 1618 991; x_wconf 81' lang='lat' dir='ltr'>Astris</span> <span class='ocrx_word' id='word_1_69' title='bbox 1635 960 1803 991; x_wconf 90' lang='lat' dir='ltr'>antece-</span> 
     </span>
     <span class='ocr_line' id='line_1_12' title="bbox 429 996 1803 1054; baseline 0.004 -14"><span class='ocrx_word' id='word_1_70' title='bbox 429 996 455 1020; x_wconf 50' lang='grc' dir='ltr'><em>ὑ</em></span> <span class='ocrx_word' id='word_1_71' title='bbox 485 1003 604 1041; x_wconf 88' lang='lat' dir='ltr'>denti</span> <span class='ocrx_word' id='word_1_72' title='bbox 621 1003 777 1051; x_wconf 87' lang='lat' dir='ltr'>Capite</span> <span class='ocrx_word' id='word_1_73' title='bbox 794 1004 1021 1048; x_wconf 77' lang='lat' dir='ltr'>recensitis,</span> <span class='ocrx_word' id='word_1_74' title='bbox 1043 1005 1172 1052; x_wconf 88' lang='lat' dir='ltr'>ipfius</span> <span class='ocrx_word' id='word_1_75' title='bbox 1189 1018 1343 1043; x_wconf 90' lang='lat' dir='ltr'>verum</span> <span class='ocrx_word' id='word_1_76' title='bbox 1360 1007 1519 1049; x_wconf 88' lang='lat' dir='ltr'>locum,</span> <span class='ocrx_word' id='word_1_77' title='bbox 1541 1019 1673 1054; x_wconf 91' lang='lat' dir='ltr'>quem</span> <span class='ocrx_word' id='word_1_78' title='bbox 1690 1008 1803 1045; x_wconf 84' lang='lat' dir='ltr'>caeli-</span> 
     </span>
    </p>

    <p class='ocr_par' dir='ltr' id='par_1_4' title="bbox 84 1055 1806 1588">
     <span class='ocr_line' id='line_1_13' title="bbox 155 1055 1139 1102; baseline 0.002 -8"><span class='ocrx_word' id='word_1_79' title='bbox 155 1062 225 1094; x_wconf 92' lang='lat' dir='ltr'>tus</span> <span class='ocrx_word' id='word_1_80' title='bbox 241 1055 440 1099; x_wconf 87' lang='lat' dir='ltr'>obtinuit,</span> <span class='ocrx_word' id='word_1_81' title='bbox 457 1055 664 1095; x_wconf 84' lang='lat' dir='ltr'>subtiliter</span> <span class='ocrx_word' id='word_1_82' title='bbox 680 1059 843 1102; x_wconf 88' lang='lat' dir='ltr'>rimari,</span> <span class='ocrx_word' id='word_1_83' title='bbox 861 1059 1139 1096; x_wconf 88' lang='lat' dir='ltr'>intendimus.</span> 
     </span>
     <span class='ocr_line' id='line_1_14' title="bbox 209 1109 1805 1161; baseline 0.003 -14"><span class='ocrx_word' id='word_1_84' title='bbox 209 1109 327 1148; x_wconf 93' lang='lat' dir='ltr'>Cum</span> <span class='ocrx_word' id='word_1_85' title='bbox 337 1114 487 1148; x_wconf 89' lang='lat' dir='ltr'>autem</span> <span class='ocrx_word' id='word_1_86' title='bbox 497 1109 642 1148; x_wconf 88' lang='lat' dir='ltr'>Stellae</span> <span class='ocrx_word' id='word_1_87' title='bbox 655 1110 842 1149; x_wconf 90' lang='lat' dir='ltr'>alicuius</span> <span class='ocrx_word' id='word_1_88' title='bbox 853 1111 976 1149; x_wconf 92' lang='lat' dir='ltr'>locus</span> <span class='ocrx_word' id='word_1_89' title='bbox 988 1118 1082 1149; x_wconf 93' lang='lat' dir='ltr'>tum</span> <span class='ocrx_word' id='word_1_90' title='bbox 1094 1112 1272 1150; x_wconf 90' lang='lat' dir='ltr'>demum</span> <span class='ocrx_word' id='word_1_91' title='bbox 1285 1115 1431 1160; x_wconf 80' lang='lat' dir='ltr'>patere</span> <span class='ocrx_word' id='word_1_92' title='bbox 1445 1114 1656 1155; x_wconf 82' lang='lat' dir='ltr'>credatur.</span> <span class='ocrx_word' id='word_1_93' title='bbox 1669 1125 1805 1161; x_wconf 92' lang='lat' dir='ltr'>quan-</span> 
     </span>
     <span class='ocr_line' id='line_1_15' title="bbox 89 1163 1806 1214; baseline 0.002 -12"><span class='ocrx_word' id='word_1_94' title='bbox 89 1176 118 1202; x_wconf 84' lang='lat'>15</span> <span class='ocrx_word' id='word_1_95' title='bbox 156 1163 212 1202; x_wconf 93' lang='lat' dir='ltr'>do</span> <span class='ocrx_word' id='word_1_96' title='bbox 237 1165 332 1201; x_wconf 91' lang='lat' dir='ltr'>eius</span> <span class='ocrx_word' id='word_1_97' title='bbox 354 1163 602 1211; x_wconf 92' lang='lat' dir='ltr'>Longitudo</span> <span class='ocrx_word' id='word_1_98' title='bbox 626 1164 680 1202; x_wconf 89' lang='lat' dir='ltr'>ab</span> <span class='ocrx_word' id='word_1_99' title='bbox 705 1164 1007 1203; x_wconf 71' lang='lat' dir='ltr'>Intersec&#39;tione</span> <span class='ocrx_word' id='word_1_100' title='bbox 1030 1177 1178 1209; x_wconf 83' lang='lat' dir='ltr'>verna,</span> <span class='ocrx_word' id='word_1_101' title='bbox 1206 1165 1396 1213; x_wconf 64' lang='lat' dir='ltr'>respe&amp;u</span> <span class='ocrx_word' id='word_1_102' title='bbox 1420 1167 1651 1214; x_wconf 83' lang='lat' dir='ltr'>Eclipticae,</span> <span class='ocrx_word' id='word_1_103' title='bbox 1678 1166 1806 1205; x_wconf 68' lang='lat' dir='ltr'>ducto</span> 
     </span>
     <span class='ocr_line' id='line_1_16' title="bbox 154 1216 1805 1268; baseline 0.002 -14"><span class='ocrx_word' id='word_1_104' title='bbox 154 1216 355 1255; x_wconf 89' lang='lat' dir='ltr'>videlicet</span> <span class='ocrx_word' id='word_1_105' title='bbox 377 1228 405 1255; x_wconf 91' lang='lat' dir='ltr'>a</span> <span class='ocrx_word' id='word_1_106' title='bbox 425 1216 543 1255; x_wconf 90' lang='lat' dir='ltr'>Polis</span> <span class='ocrx_word' id='word_1_107' title='bbox 566 1219 660 1255; x_wconf 93' lang='lat' dir='ltr'>eius</span> <span class='ocrx_word' id='word_1_108' title='bbox 683 1229 760 1265; x_wconf 92' lang='lat' dir='ltr'>per</span> <span class='ocrx_word' id='word_1_109' title='bbox 783 1217 964 1256; x_wconf 88' lang='lat' dir='ltr'>Stellam</span> <span class='ocrx_word' id='word_1_110' title='bbox 984 1220 1103 1257; x_wconf 84' lang='lat' dir='ltr'>Arcu</span> <span class='ocrx_word' id='word_1_111' title='bbox 1126 1219 1290 1257; x_wconf 91' lang='lat' dir='ltr'>Circuli</span> <span class='ocrx_word' id='word_1_112' title='bbox 1313 1222 1473 1268; x_wconf 88' lang='lat' dir='ltr'>magni,</span> <span class='ocrx_word' id='word_1_113' title='bbox 1498 1222 1573 1267; x_wconf 91' lang='lat' dir='ltr'>qui</span> <span class='ocrx_word' id='word_1_114' title='bbox 1596 1220 1727 1267; x_wconf 89' lang='lat' dir='ltr'>vsque</span> <span class='ocrx_word' id='word_1_115' title='bbox 1751 1221 1805 1258; x_wconf 92' lang='lat' dir='ltr'>ad</span> 
     </span>
     <span class='ocr_line' id='line_1_17' title="bbox 155 1268 1805 1321; baseline 0.002 -13"><span class='ocrx_word' id='word_1_116' title='bbox 155 1268 411 1318; x_wconf 90' lang='lat' dir='ltr'>Eclipticam</span> <span class='ocrx_word' id='word_1_117' title='bbox 421 1270 632 1309; x_wconf 87' lang='lat' dir='ltr'>tranfiens</span> <span class='ocrx_word' id='word_1_118' title='bbox 645 1271 983 1319; x_wconf 89' lang='lat' dir='ltr'>Longitudinem</span> <span class='ocrx_word' id='word_1_119' title='bbox 995 1272 1131 1320; x_wconf 84' lang='lat' dir='ltr'>ipsam</span> <span class='ocrx_word' id='word_1_120' title='bbox 1143 1273 1330 1315; x_wconf 81' lang='lat' dir='ltr'>denotet,</span> <span class='ocrx_word' id='word_1_121' title='bbox 1344 1273 1381 1310; x_wconf 90' lang='grc'>8(</span> <span class='ocrx_word' id='word_1_122' title='bbox 1394 1273 1688 1311; x_wconf 88' lang='lat' dir='ltr'>Latitudinem</span> <span class='ocrx_word' id='word_1_123' title='bbox 1701 1286 1805 1321; x_wconf 92' lang='lat' dir='ltr'>quo-</span> 
     </span>
     <span class='ocr_line' id='line_1_18' title="bbox 155 1323 1805 1374; baseline 0.002 -12"><span class='ocrx_word' id='word_1_124' title='bbox 155 1335 240 1372; x_wconf 90' lang='lat' dir='ltr'>que</span> <span class='ocrx_word' id='word_1_125' title='bbox 251 1323 492 1362; x_wconf 91' lang='lat' dir='ltr'>secundum</span> <span class='ocrx_word' id='word_1_126' title='bbox 503 1326 794 1372; x_wconf 88' lang='lat' dir='ltr'>quantitatem</span> <span class='ocrx_word' id='word_1_127' title='bbox 805 1325 908 1363; x_wconf 91' lang='lat' dir='ltr'>huic</span> <span class='ocrx_word' id='word_1_128' title='bbox 921 1325 958 1363; x_wconf 89' lang='grc'>8(</span> <span class='ocrx_word' id='word_1_129' title='bbox 970 1326 1094 1363; x_wconf 81' lang='lat' dir='ltr'>Astro</span> <span class='ocrx_word' id='word_1_130' title='bbox 1107 1329 1402 1374; x_wconf 83' lang='lat' dir='ltr'>interceptam.</span> <span class='ocrx_word' id='word_1_131' title='bbox 1416 1329 1697 1369; x_wconf 83' lang='lat' dir='ltr'>innotuerint.</span> <span class='ocrx_word' id='word_1_132' title='bbox 1711 1327 1805 1365; x_wconf 82' lang='lat' dir='ltr'>haec</span> 
     </span>
     <span class='ocr_line' id='line_1_19' title="bbox 154 1377 1805 1428; baseline 0.001 -12"><span class='ocrx_word' id='word_1_133' title='bbox 154 1377 244 1416; x_wconf 92' lang='lat' dir='ltr'>duo</span> <span class='ocrx_word' id='word_1_134' title='bbox 259 1379 306 1416; x_wconf 92' lang='lat' dir='ltr'>in</span> <span class='ocrx_word' id='word_1_135' title='bbox 321 1377 405 1416; x_wconf 86' lang='lat' dir='ltr'>hac</span> <span class='ocrx_word' id='word_1_136' title='bbox 420 1377 640 1425; x_wconf 74' lang='lat' dir='ltr'>proposita</span> <span class='ocrx_word' id='word_1_137' title='bbox 655 1377 790 1417; x_wconf 89' lang='lat' dir='ltr'>Stella</span> <span class='ocrx_word' id='word_1_138' title='bbox 808 1379 1108 1427; x_wconf 79' lang='lat' dir='ltr'>pemefflgare,</span> <span class='ocrx_word' id='word_1_139' title='bbox 1130 1382 1321 1427; x_wconf 89' lang='lat' dir='ltr'>primum</span> <span class='ocrx_word' id='word_1_140' title='bbox 1342 1381 1660 1428; x_wconf 88' lang='lat' dir='ltr'>aggrediemur;</span> <span class='ocrx_word' id='word_1_141' title='bbox 1681 1380 1805 1428; x_wconf 83' lang='lat' dir='ltr'>siqui-</span> 
     </span>
     <span class='ocr_line' id='line_1_20' title="bbox 84 1429 1806 1480; baseline 0.001 -11"><span class='ocrx_word' id='word_1_142' title='bbox 84 1443 118 1469; x_wconf 87' lang='lat'>20</span> <span class='ocrx_word' id='word_1_143' title='bbox 155 1430 256 1469; x_wconf 92' lang='lat' dir='ltr'>dem</span> <span class='ocrx_word' id='word_1_144' title='bbox 275 1429 468 1479; x_wconf 72' lang='lat' dir='ltr'>respectu</span> <span class='ocrx_word' id='word_1_145' title='bbox 487 1431 696 1470; x_wconf 90' lang='lat' dir='ltr'>Polorum</span> <span class='ocrx_word' id='word_1_146' title='bbox 713 1432 932 1480; x_wconf 85' lang='lat' dir='ltr'>Eclipticae</span> <span class='ocrx_word' id='word_1_147' title='bbox 954 1435 1155 1471; x_wconf 92' lang='lat' dir='ltr'>omnium</span> <span class='ocrx_word' id='word_1_148' title='bbox 1177 1433 1422 1477; x_wconf 81' lang='lat' dir='ltr'>Stellarum,</span> <span class='ocrx_word' id='word_1_149' title='bbox 1444 1440 1534 1472; x_wconf 87' lang='lat' dir='ltr'>tam</span> <span class='ocrx_word' id='word_1_150' title='bbox 1555 1434 1806 1472; x_wconf 88' lang='lat' dir='ltr'>Errantium</span> 
     </span>
     <span class='ocr_line' id='line_1_21' title="bbox 155 1484 1805 1534; baseline 0.001 -11"><span class='ocrx_word' id='word_1_151' title='bbox 155 1496 291 1532; x_wconf 86' lang='lat' dir='ltr'>quam</span> <span class='ocrx_word' id='word_1_152' title='bbox 301 1484 597 1523; x_wconf 87' lang='lat' dir='ltr'>Inerrantium</span> <span class='ocrx_word' id='word_1_153' title='bbox 608 1485 781 1533; x_wconf 86' lang='lat' dir='ltr'>pofitus,</span> <span class='ocrx_word' id='word_1_154' title='bbox 795 1492 925 1533; x_wconf 92' lang='lat' dir='ltr'>atque</span> <span class='ocrx_word' id='word_1_155' title='bbox 937 1493 1082 1524; x_wconf 92' lang='lat' dir='ltr'>motus</span> <span class='ocrx_word' id='word_1_156' title='bbox 1095 1486 1397 1524; x_wconf 79' lang='lat' dir='ltr'>consideretur.</span> <span class='ocrx_word' id='word_1_157' title='bbox 1415 1487 1562 1525; x_wconf 84' lang='lat' dir='ltr'>Postea</span> <span class='ocrx_word' id='word_1_158' title='bbox 1574 1487 1629 1525; x_wconf 91' lang='lat' dir='ltr'>ad</span> <span class='ocrx_word' id='word_1_159' title='bbox 1641 1487 1805 1534; x_wconf 89' lang='lat' dir='ltr'>AEqua-</span> 
     </span>
     <span class='ocr_line' id='line_1_22' title="bbox 153 1538 1804 1588; baseline 0.001 -12"><span class='ocrx_word' id='word_1_160' title='bbox 153 1543 294 1577; x_wconf 90' lang='lat' dir='ltr'>torem</span> <span class='ocrx_word' id='word_1_161' title='bbox 310 1538 488 1586; x_wconf 92' lang='lat' dir='ltr'>eiusque</span> <span class='ocrx_word' id='word_1_162' title='bbox 504 1539 634 1577; x_wconf 92' lang='lat' dir='ltr'>Polos</span> <span class='ocrx_word' id='word_1_163' title='bbox 650 1539 746 1577; x_wconf 87' lang='lat' dir='ltr'>haec</span> <span class='ocrx_word' id='word_1_164' title='bbox 763 1539 853 1587; x_wconf 89' lang='lat' dir='ltr'>ipsa</span> <span class='ocrx_word' id='word_1_165' title='bbox 869 1539 1127 1581; x_wconf 81' lang='lat' dir='ltr'>referemus:</span> <span class='ocrx_word' id='word_1_166' title='bbox 1146 1540 1183 1578; x_wconf 93' lang='grc'>8(</span> <span class='ocrx_word' id='word_1_167' title='bbox 1200 1552 1254 1578; x_wconf 94' lang='lat' dir='ltr'>ne</span> <span class='ocrx_word' id='word_1_168' title='bbox 1268 1541 1408 1588; x_wconf 89' lang='lat' dir='ltr'>longis</span> <span class='ocrx_word' id='word_1_169' title='bbox 1425 1548 1519 1578; x_wconf 92' lang='lat' dir='ltr'>vtar</span> <span class='ocrx_word' id='word_1_170' title='bbox 1535 1541 1804 1588; x_wconf 82' lang='lat' dir='ltr'>ambagibus.</span> 
     </span>
    </p>

    <p class='ocr_par' dir='ltr' id='par_1_5' title="bbox 68 1591 1806 2284">
     <span class='ocr_line' id='line_1_23' title="bbox 155 1591 962 1641; baseline 0.001 -11"><span class='ocrx_word' id='word_1_171' title='bbox 155 1603 273 1630; x_wconf 90' lang='lat' dir='ltr'>nunc</span> <span class='ocrx_word' id='word_1_172' title='bbox 288 1591 430 1640; x_wconf 86' lang='lat' dir='ltr'>ipsum</span> <span class='ocrx_word' id='word_1_173' title='bbox 445 1595 671 1641; x_wconf 90' lang='lat' dir='ltr'>negotium</span> <span class='ocrx_word' id='word_1_174' title='bbox 688 1594 962 1631; x_wconf 89' lang='lat' dir='ltr'>accedamus.</span> 
     </span>
     <span class='ocr_line' id='line_1_24' title="bbox 208 1645 1806 1695; baseline 0 -11"><span class='ocrx_word' id='word_1_175' title='bbox 208 1645 436 1692; x_wconf 90' lang='lat' dir='ltr'>Quoniam</span> <span class='ocrx_word' id='word_1_176' title='bbox 457 1657 562 1684; x_wconf 90' lang='lat' dir='ltr'>vero</span> <span class='ocrx_word' id='word_1_177' title='bbox 584 1646 820 1685; x_wconf 89' lang='lat' dir='ltr'>Stellarum</span> <span class='ocrx_word' id='word_1_178' title='bbox 842 1647 1079 1695; x_wconf 84' lang='lat' dir='ltr'>Cassiopeae</span> <span class='ocrx_word' id='word_1_179' title='bbox 1101 1647 1198 1685; x_wconf 91' lang='lat' dir='ltr'>loca</span> <span class='ocrx_word' id='word_1_180' title='bbox 1218 1650 1338 1694; x_wconf 90' lang='lat' dir='ltr'>prius</span> <span class='ocrx_word' id='word_1_181' title='bbox 1360 1646 1506 1688; x_wconf 64' lang='lat' dir='ltr'>exacte</span> <span class='ocrx_word' id='word_1_182' title='bbox 1529 1654 1645 1691; x_wconf 80' lang='lat' dir='ltr'>nota,</span> <span class='ocrx_word' id='word_1_183' title='bbox 1668 1654 1710 1685; x_wconf 85' lang='lat' dir='ltr'>vt</span> <span class='ocrx_word' id='word_1_184' title='bbox 1731 1659 1806 1695; x_wconf 90' lang='lat' dir='ltr'>per</span> 
     </span>
     <span class='ocr_line' id='line_1_25' title="bbox 85 1699 1804 1748; baseline 0.001 -11"><span class='ocrx_word' id='word_1_185' title='bbox 85 1711 118 1737; x_wconf 84' lang='lat'>25</span> <span class='ocrx_word' id='word_1_186' title='bbox 155 1710 208 1738; x_wconf 90' lang='lat' dir='ltr'>ea</span> <span class='ocrx_word' id='word_1_187' title='bbox 223 1699 280 1738; x_wconf 88' lang='lat' dir='ltr'>ad</span> <span class='ocrx_word' id='word_1_188' title='bbox 294 1701 443 1748; x_wconf 88' lang='lat' dir='ltr'>ignoti,</span> <span class='ocrx_word' id='word_1_189' title='bbox 466 1700 614 1747; x_wconf 91' lang='lat' dir='ltr'>quoad</span> <span class='ocrx_word' id='word_1_190' title='bbox 632 1700 812 1739; x_wconf 89' lang='lat' dir='ltr'>Stellam</span> <span class='ocrx_word' id='word_1_191' title='bbox 829 1701 1023 1742; x_wconf 83' lang='lat' dir='ltr'>Nouam.</span> <span class='ocrx_word' id='word_1_192' title='bbox 1046 1700 1145 1738; x_wconf 81' lang='lat' dir='ltr'>[itus</span> <span class='ocrx_word' id='word_1_193' title='bbox 1165 1703 1459 1748; x_wconf 86' lang='lat' dir='ltr'>cognitionem</span> <span class='ocrx_word' id='word_1_194' title='bbox 1479 1703 1804 1748; x_wconf 82' lang='lat' dir='ltr'>perueniamus.</span> 
     </span>
     <span class='ocr_line' id='line_1_26' title="bbox 68 1751 1804 1803; baseline 0.001 -13"><span class='ocrx_word' id='word_1_195' title='bbox 68 1758 132 1791; x_wconf 88' lang='lat'>369</span> <span class='ocrx_word' id='word_1_196' title='bbox 155 1755 450 1801; x_wconf 88' lang='lat' dir='ltr'>requiruntur,</span> <span class='ocrx_word' id='word_1_197' title='bbox 468 1765 521 1792; x_wconf 93' lang='lat' dir='ltr'>ea</span> <span class='ocrx_word' id='word_1_198' title='bbox 537 1754 593 1792; x_wconf 92' lang='lat' dir='ltr'>ad</span> <span class='ocrx_word' id='word_1_199' title='bbox 609 1753 745 1792; x_wconf 91' lang='lat' dir='ltr'>finem</span> <span class='ocrx_word' id='word_1_200' title='bbox 761 1755 882 1792; x_wconf 88' lang='lat' dir='ltr'>Anni</span> <span class='ocrx_word' id='word_1_201' title='bbox 899 1754 1006 1798; x_wconf 85' lang='lat'>1572,</span> <span class='ocrx_word' id='word_1_202' title='bbox 1028 1751 1042 1803; x_wconf 94' lang='grc' dir='ltr'>ΙΙ</span> <span class='ocrx_word' id='word_1_203' title='bbox 1065 1754 1243 1801; x_wconf 90' lang='lat' dir='ltr'>quando</span> <span class='ocrx_word' id='word_1_204' title='bbox 1261 1754 1392 1792; x_wconf 90' lang='lat' dir='ltr'>Stella</span> <span class='ocrx_word' id='word_1_205' title='bbox 1413 1754 1508 1792; x_wconf 87' lang='lat' dir='ltr'>haec</span> <span class='ocrx_word' id='word_1_206' title='bbox 1525 1756 1716 1801; x_wconf 90' lang='lat' dir='ltr'>primum</span> <span class='ocrx_word' id='word_1_207' title='bbox 1733 1766 1804 1801; x_wconf 91' lang='lat' dir='ltr'>ap-</span> 
     </span>
     <span class='ocr_line' id='line_1_27' title="bbox 154 1807 1805 1855; baseline 0.001 -11"><span class='ocrx_word' id='word_1_208' title='bbox 154 1808 311 1854; x_wconf 90' lang='lat' dir='ltr'>paruit,</span> <span class='ocrx_word' id='word_1_209' title='bbox 328 1818 382 1845; x_wconf 86' lang='lat' dir='ltr'>ex</span> <span class='ocrx_word' id='word_1_210' title='bbox 398 1809 463 1855; x_wconf 89' lang='lat' dir='ltr'>ijs,</span> <span class='ocrx_word' id='word_1_211' title='bbox 480 1819 581 1855; x_wconf 84' lang='lat' dir='ltr'>quae</span> <span class='ocrx_word' id='word_1_212' title='bbox 594 1807 750 1855; x_wconf 86' lang='lat' dir='ltr'>Capite</span> <span class='ocrx_word' id='word_1_213' title='bbox 763 1807 965 1846; x_wconf 91' lang='lat' dir='ltr'>Secundo</span> <span class='ocrx_word' id='word_1_214' title='bbox 980 1809 1093 1845; x_wconf 90' lang='lat' dir='ltr'>circa</span> <span class='ocrx_word' id='word_1_215' title='bbox 1107 1807 1239 1845; x_wconf 91' lang='lat' dir='ltr'>huius</span> <span class='ocrx_word' id='word_1_216' title='bbox 1251 1807 1467 1845; x_wconf 85' lang='lat' dir='ltr'>Asterismi</span> <span class='ocrx_word' id='word_1_217' title='bbox 1480 1807 1633 1845; x_wconf 89' lang='lat' dir='ltr'>Stellas</span> <span class='ocrx_word' id='word_1_218' title='bbox 1647 1819 1668 1845; x_wconf 93' lang='lat' dir='ltr'>e</span> <span class='ocrx_word' id='word_1_219' title='bbox 1682 1810 1805 1845; x_wconf 89' lang='lat' dir='ltr'>certis</span> 
     </span>
     <span class='ocr_line' id='line_1_28' title="bbox 156 1859 1804 1909; baseline 0 -11"><span class='ocrx_word' id='word_1_220' title='bbox 156 1859 547 1899; x_wconf 85' lang='lat' dir='ltr'>Obseruationibus</span> <span class='ocrx_word' id='word_1_221' title='bbox 568 1861 859 1899; x_wconf 80' lang='lat' dir='ltr'>demonstrata</span> <span class='ocrx_word' id='word_1_222' title='bbox 883 1862 1154 1908; x_wconf 90' lang='lat' dir='ltr'>reliquimus,</span> <span class='ocrx_word' id='word_1_223' title='bbox 1178 1861 1263 1898; x_wconf 88' lang='lat' dir='ltr'>huc</span> <span class='ocrx_word' id='word_1_224' title='bbox 1288 1873 1564 1902; x_wconf 82' lang='lat' dir='ltr'>reuocemus;</span> <span class='ocrx_word' id='word_1_225' title='bbox 1588 1861 1804 1909; x_wconf 90' lang='lat' dir='ltr'>seligendo</span> 
     </span>
     <span class='ocr_line' id='line_1_29' title="bbox 154 1913 1803 1963; baseline -0.001 -11"><span class='ocrx_word' id='word_1_226' title='bbox 154 1925 320 1952; x_wconf 89' lang='lat' dir='ltr'>nouem</span> <span class='ocrx_word' id='word_1_227' title='bbox 334 1913 486 1952; x_wconf 85' lang='lat' dir='ltr'>saltem</span> <span class='ocrx_word' id='word_1_228' title='bbox 501 1915 845 1963; x_wconf 86' lang='lat' dir='ltr'>principaliores,</span> <span class='ocrx_word' id='word_1_229' title='bbox 863 1917 1041 1957; x_wconf 69' lang='lat' dir='ltr'>caeteris.</span> <span class='ocrx_word' id='word_1_230' title='bbox 1060 1926 1160 1952; x_wconf 90' lang='lat' dir='ltr'>cum</span> <span class='ocrx_word' id='word_1_231' title='bbox 1176 1914 1248 1952; x_wconf 88' lang='lat' dir='ltr'>hic</span> <span class='ocrx_word' id='word_1_232' title='bbox 1264 1917 1309 1952; x_wconf 91' lang='lat' dir='ltr'>in</span> <span class='ocrx_word' id='word_1_233' title='bbox 1321 1915 1443 1952; x_wconf 85' lang='lat' dir='ltr'>vsum</span> <span class='ocrx_word' id='word_1_234' title='bbox 1458 1926 1548 1952; x_wconf 94' lang='lat' dir='ltr'>non</span> <span class='ocrx_word' id='word_1_235' title='bbox 1562 1914 1803 1956; x_wconf 78' lang='lat' dir='ltr'>trahantur,</span> 
     </span>
     <span class='ocr_line' id='line_1_30' title="bbox 85 1967 1804 2016; baseline 0 -11"><span class='ocrx_word' id='word_1_236' title='bbox 85 1978 119 2004; x_wconf 81' lang='lat'>30</span> <span class='ocrx_word' id='word_1_237' title='bbox 154 1968 451 2014; x_wconf 79' lang='lat' dir='ltr'>praetermissis.</span> <span class='ocrx_word' id='word_1_238' title='bbox 469 1968 646 2006; x_wconf 84' lang='lat' dir='ltr'>Addam</span> <span class='ocrx_word' id='word_1_239' title='bbox 659 1980 836 2016; x_wconf 91' lang='lat' dir='ltr'>quoque</span> <span class='ocrx_word' id='word_1_240' title='bbox 849 1968 1025 2006; x_wconf 91' lang='lat' dir='ltr'>illarum</span> <span class='ocrx_word' id='word_1_241' title='bbox 1038 1968 1367 2006; x_wconf 90' lang='lat' dir='ltr'>Declinationes</span> <span class='ocrx_word' id='word_1_242' title='bbox 1381 1975 1510 2015; x_wconf 87' lang='lat' dir='ltr'>atque</span> <span class='ocrx_word' id='word_1_243' title='bbox 1523 1967 1804 2005; x_wconf 86' lang='lat' dir='ltr'>Ascenfiones</span> 
     </span>
     <span class='ocr_line' id='line_1_31' title="bbox 155 2019 1804 2070; baseline -0.001 -11"><span class='ocrx_word' id='word_1_244' title='bbox 155 2019 318 2066; x_wconf 58' lang='lat' dir='ltr'>Recta&amp;</span> <span class='ocrx_word' id='word_1_245' title='bbox 339 2027 383 2060; x_wconf 89' lang='lat' dir='ltr'>vt</span> <span class='ocrx_word' id='word_1_246' title='bbox 403 2024 549 2060; x_wconf 92' lang='lat' dir='ltr'>omnis</span> <span class='ocrx_word' id='word_1_247' title='bbox 569 2021 730 2070; x_wconf 91' lang='lat' dir='ltr'>pofitus</span> <span class='ocrx_word' id='word_1_248' title='bbox 750 2028 840 2060; x_wconf 89' lang='lat' dir='ltr'>tam</span> <span class='ocrx_word' id='word_1_249' title='bbox 863 2022 1009 2069; x_wconf 89' lang='lat' dir='ltr'>quoad</span> <span class='ocrx_word' id='word_1_250' title='bbox 1027 2021 1280 2069; x_wconf 90' lang='lat' dir='ltr'>Eclipticam</span> <span class='ocrx_word' id='word_1_251' title='bbox 1300 2033 1434 2068; x_wconf 89' lang='lat' dir='ltr'>quam</span> <span class='ocrx_word' id='word_1_252' title='bbox 1450 2021 1739 2068; x_wconf 87' lang='lat' dir='ltr'>AEquatorem</span> <span class='ocrx_word' id='word_1_253' title='bbox 1761 2024 1804 2058; x_wconf 90' lang='lat' dir='ltr'>in</span> 
     </span>
     <span class='ocr_line' id='line_1_32' title="bbox 184 2074 405 2113; baseline 0.005 -1"><span class='ocrx_word' id='word_1_254' title='bbox 184 2079 331 2113; x_wconf 89' lang='lat' dir='ltr'>romtu</span> <span class='ocrx_word' id='word_1_255' title='bbox 346 2074 405 2113; x_wconf 86' lang='lat' dir='ltr'>fit.</span> 
     </span>
     <span class='ocr_line' id='line_1_33' title="bbox 155 2085 1805 2177; baseline -0.001 -10"><span class='ocrx_word' id='word_1_256' title='bbox 155 2085 183 2122; x_wconf 76' lang='lat' dir='ltr'>p</span> <span class='ocrx_word' id='word_1_257' title='bbox 207 2127 461 2177; x_wconf 86' lang='lat' dir='ltr'>Adiungam</span> <span class='ocrx_word' id='word_1_258' title='bbox 488 2128 663 2176; x_wconf 88' lang='lat' dir='ltr'>insuper</span> <span class='ocrx_word' id='word_1_259' title='bbox 690 2136 780 2167; x_wconf 88' lang='lat' dir='ltr'>tam</span> <span class='ocrx_word' id='word_1_260' title='bbox 806 2128 1082 2176; x_wconf 84' lang='lat' dir='ltr'>Alphonfina</span> <span class='ocrx_word' id='word_1_261' title='bbox 1107 2130 1242 2176; x_wconf 77' lang='lat' dir='ltr'>quam</span> <span class='ocrx_word' id='word_1_262' title='bbox 1269 2129 1552 2176; x_wconf 89' lang='lat' dir='ltr'>Coperniana</span> <span class='ocrx_word' id='word_1_263' title='bbox 1578 2127 1805 2174; x_wconf 91' lang='lat' dir='ltr'>vtrobique</span> 
     </span>
     <span class='ocr_line' id='line_1_34' title="bbox 154 2180 1805 2230; baseline -0.001 -11"><span class='ocrx_word' id='word_1_264' title='bbox 154 2180 263 2226; x_wconf 88' lang='lat' dir='ltr'>loca,</span> <span class='ocrx_word' id='word_1_265' title='bbox 280 2193 369 2230; x_wconf 91' lang='lat' dir='ltr'>quo</span> <span class='ocrx_word' id='word_1_266' title='bbox 385 2182 614 2220; x_wconf 90' lang='lat' dir='ltr'>discrimen</span> <span class='ocrx_word' id='word_1_267' title='bbox 631 2185 742 2220; x_wconf 92' lang='lat' dir='ltr'>inter</span> <span class='ocrx_word' id='word_1_268' title='bbox 754 2182 849 2220; x_wconf 85' lang='lat' dir='ltr'>haec</span> <span class='ocrx_word' id='word_1_269' title='bbox 862 2182 899 2220; x_wconf 88' lang='lat'>&amp;</span> <span class='ocrx_word' id='word_1_270' title='bbox 913 2182 1092 2220; x_wconf 90' lang='lat' dir='ltr'>Coelum</span> <span class='ocrx_word' id='word_1_271' title='bbox 1105 2182 1242 2229; x_wconf 91' lang='lat' dir='ltr'>ipsum</span> <span class='ocrx_word' id='word_1_272' title='bbox 1256 2182 1425 2223; x_wconf 80' lang='lat' dir='ltr'>constet.</span> <span class='ocrx_word' id='word_1_273' title='bbox 1443 2189 1573 2228; x_wconf 92' lang='lat' dir='ltr'>atque</span> <span class='ocrx_word' id='word_1_274' title='bbox 1586 2181 1614 2218; x_wconf 86' lang='lat' dir='ltr'>fi</span> <span class='ocrx_word' id='word_1_275' title='bbox 1627 2182 1805 2228; x_wconf 90' lang='lat' dir='ltr'>quando</span> 
     </span>
     <span class='ocr_line' id='line_1_35' title="bbox 85 2235 702 2284; baseline 0.003 -12"><span class='ocrx_word' id='word_1_276' title='bbox 85 2245 118 2272; x_wconf 87' lang='lat'>35</span> <span class='ocrx_word' id='word_1_277' title='bbox 154 2235 207 2283; x_wconf 88' lang='lat' dir='ltr'>ijs</span> <span class='ocrx_word' id='word_1_278' title='bbox 221 2237 281 2273; x_wconf 90' lang='lat' dir='ltr'>vti</span> <span class='ocrx_word' id='word_1_279' title='bbox 296 2235 458 2281; x_wconf 91' lang='lat' dir='ltr'>lubeat,</span> <span class='ocrx_word' id='word_1_280' title='bbox 475 2236 628 2284; x_wconf 81' lang='lat' dir='ltr'>praesto</span> <span class='ocrx_word' id='word_1_281' title='bbox 645 2236 702 2274; x_wconf 84' lang='lat' dir='ltr'>sit.</span> 
     </span>
    </p>
   </div>
   <div class='ocr_carea' id='block_1_4' title="bbox 146 710 470 1041">
    <p class='ocr_par' dir='ltr' id='par_1_6' title="bbox 146 710 470 1041">
     <span class='ocr_line' id='line_1_36' title="bbox 146 710 470 1041; baseline 0 0"><span class='ocrx_word' id='word_1_282' title='bbox 146 710 470 1041; x_wconf 95' lang='lat' dir='ltr'>  </span> 
     </span>
    </p>
   </div>
   <div class='ocr_carea' id='block_1_5' title="bbox 261 2552 1801 2591">
    <p class='ocr_par' dir='ltr' id='par_1_7' title="bbox 261 2552 1801 2591">
     <span class='ocr_line' id='line_1_37' title="bbox 261 2552 1801 2591; baseline -0.009 11"><span class='ocrx_word' id='word_1_283' title='bbox 261 2564 294 2589; x_wconf 81' lang='lat'>⁴⁵</span> <span class='ocrx_word' id='word_1_284' title='bbox 1480 2552 1801 2591; x_wconf 88' lang='lat' dir='ltr'>DISPOSITIO</span> 
     </span>
    </p>
   </div>
  </div>
 </body>
</html>
