2243 3225
378 210 454 248 322
754 204 1206 244 ASTRONOMIAE
1228 201 1649 241 INSTAURATAE

377 318 703 356 commemorat,
724 311 849 349 illum
869 322 1026 348 reuera
1046 309 1225 348 Stellam
1246 308 1443 356 aliquam
1463 307 1710 346 inufitatarn
1730 307 1807 346 sua
1827 314 1954 346 aetate
1975 310 2021 346 10

376 367 464 415 ipso
483 367 611 405 Coelo
629 364 899 412 conspexisse;
922 363 1019 401 licet
1036 374 1135 400 cum
1152 361 1294 399 nostra
1309 361 1392 399 hac
1408 372 1501 399 non
1517 363 1669 399 omnia
1686 360 1888 399 habuerit
1905 372 2020 399 com-

375 422 540 463 munia,
557 429 700 465 neque
713 419 831 455 enim
843 416 971 454 instar
982 416 1190 453 Fixarum
1202 414 1374 462 prorsus
1386 416 1617 452 immotam
1628 413 1757 458 fuisse,
1775 425 1827 452 ex
1840 425 1893 452 eo
1904 419 2021 462 patet

376 472 492 520 quod
515 472 626 509 dicat
650 470 827 514 Plinius,
851 468 1161 517 Hipparchum
1185 479 1238 505 ex
1260 473 1384 505 motu
1407 469 1501 505 eius
1524 467 1579 505 ad
1603 466 1921 505 dubitationem
1943 467 2020 506 esse

374 523 620 568 adduc‘tum,
642 535 700 561 an
720 523 804 560 hoc
824 522 981 569 saepius
1000 521 1094 559 fieri
1110 521 1249 568 posset,
1267 520 1305 558 &
1320 526 1466 558 vtrum
1483 519 1640 564 Stellae,
1662 531 1762 567 quae
1779 520 1898 559 Fixae
1914 519 2019 559 aesti-
2056 534 2073 560 5

373 584 559 621 mantur,
570 579 701 615 etiam
711 575 923 613 hincinde
931 574 1171 622 aliquando
1179 574 1451 621 diuagentur.
1461 573 1740 612 Simillimam
1747 579 1896 612 tamen
1902 573 2019 612 fuisse

374 630 669 669 Inerrantibus
691 629 832 668 Stelh's
852 628 950 666 satis
970 634 1118 675 aperte
1140 627 1366 675 colligitur,
1389 633 1686 674 praeterquam
1708 627 1827 674 quod
1848 632 2020 665 motum

373 684 565 731 aliquem
588 683 732 721 sortita
754 682 799 720 [it
821 683 1061 729 proprium,
1084 681 1196 718 adeo
1217 686 1261 718 vt
1281 679 1568 728 Hipparchus
1588 679 1672 718 hac
1693 679 1917 718 occasione
1940 682 2019 718 im·

371 737 569 775 mensum
580 736 705 774 illum
717 736 933 773 Laborem
945 734 1183 772 denotandi
1196 735 1397 771 omnium
1409 732 1660 771 Affixarum
1672 733 1907 772 Stellarum
1922 733 2020 772 loca

372 790 595 828 exantlare
611 789 862 827 sustinuerit.
880 787 1112 835 Ignorabat
1129 789 1248 825 enim
1264 792 1370 830 tum,
1387 798 1446 825 an
1462 786 1582 825 Fixae
1594 786 1739 825 Stellae
1753 788 2019 825 vnanimiter
2059 799 2090 826 ιο

372 855 525 881 omnes
546 843 735 880 eundem
756 841 940 889 pofitum
961 843 1144 878 immota
1160 841 1273 888 Lege
1293 845 1505 888 perpetuo
1522 836 1877 890 con-ssseruarent,
1899 840 2018 888 quod
2041 847 2101 879 321

371 896 531 934 indicio
549 896 615 939 est,
632 901 732 933 ante
748 894 899 942 ipsum,
917 894 1152 932 Stellarum
1164 894 1373 932 Fixarum
1389 893 1499 938 loca,
1515 905 1592 941 per
1604 895 1919 932 conuenientes
1931 893 2018 933 Ob-

370 949 636 987 seruationes
652 960 743 986 non
759 948 875 986 fuisse
891 950 937 985 in
953 947 1156 985 Abacum
1172 947 1384 985 idoneum
1400 947 1438 985 &
1454 947 1730 995 locupletem,
1748 946 1916 995 digesta.

424 1002 520 1040 Scio
545 1002 748 1049 equidem
771 1001 982 1048 quosdam
1006 1012 1028 1038 e
1052 1000 1176 1049 Plinij
1203 1000 1527 1048 Interpretibus,
1550 1000 1679 1038 Viros
1702 1000 1902 1048 alioquin
1926 1012 2018 1039 non

369 1056 621 1098 ineruditos,
652 1055 706 1093 ad
738 1054 971 1093 Cometam
1001 1054 1195 1101 aliquem
1225 1053 1280 1092 ab
1311 1053 1572 1102 Hipparcho
1602 1053 1890 1102 conspectum,
1920 1053 2017 1092 haec
2058 1067 2088 1092 15

369 1108 492 1156 Plinij
511 1108 645 1146 verba
661 1108 931 1155 detorquere.
952 1107 1083 1154 Quod
1100 1113 1249 1146 tamen
1265 1109 1410 1155 potius
1427 1119 1502 1145 eos
1518 1107 1790 1146 Aristotelica
1805 1105 2018 1146 Doe‘trina

368 1161 405 1199 &
422 1161 692 1205 Authoritas,
710 1173 798 1209 qua
813 1173 840 1199 a
855 1162 1002 1208 pueris
1018 1163 1064 1198 in
1081 1160 1251 1199 Scholis
1266 1160 1442 1199 instituti
1459 1166 1599 1205 erant;
1622 1160 1803 1199 Coelum
1817 1160 2018 1200 videlicet

368 1227 459 1252 non
482 1220 706 1262 acceptare
729 1226 851 1252 noua
874 1214 1087 1262 Corpora,
1111 1213 1149 1252 8(
1173 1214 1382 1253 Cometas
1408 1225 1562 1252 omnes
1586 1216 1631 1252 in
1654 1215 1770 1253 Aere
1793 1213 2017 1253 sublunari

368 1270 577 1316 generari,
600 1270 868 1306 committere
891 1270 1040 1316 coegit,
1061 1279 1197 1315 quam
1213 1273 1256 1305 vt
1274 1267 1350 1306 ista
1365 1267 1410 1305 fit
1427 1270 1620 1316 genuina
1635 1267 1873 1306 verborum
1889 1267 2014 1317 Plinij

369 1321 587 1369 expositio.
610 1322 745 1359 Veriti
760 1321 867 1365 sunt,
889 1333 945 1359 ne
962 1321 1125 1359 coelum
1142 1327 1298 1365 rueret,
1317 1320 1347 1359 fi
1364 1321 1546 1360 Nouam
1561 1323 1608 1359 in
1624 1321 1700 1359 illo
1717 1323 1820 1359 oriri
1837 1320 2017 1360 Stellam
2054 1333 2088 1359 20

368 1375 665 1412 concederent.
688 1375 947 1413 Maluerunt
962 1377 1110 1422 itaque
1127 1386 1228 1413 cum
1244 1374 1470 1413 Aristotele
1486 1386 1616 1419 vana,
1633 1374 1672 1413 8(
1687 1386 1715 1413 3
1729 1374 1855 1423 Plim'j
1873 1374 2017 1413 verbis

367 1428 539 1475 prorsus
555 1428 713 1472 aliena,
730 1439 989 1475 proponere,
1007 1439 1142 1475 quam
1159 1428 1421 1476 Hipparcho
1437 1427 1676 1467 fidelissimo
1692 1428 1855 1466 Rerum
1872 1427 2016 1467 Coele-

366 1481 491 1519 111010
507 1481 742 1526 scrutatori,
764 1484 838 1529 qui
855 1481 898 1519 id
915 1481 1054 1520 oculis
1070 1481 1155 1520 suis
1171 1482 1289 1526 vidit,
1307 1481 1344 1520 &
1360 1482 1514 1530 procul
1530 1482 1664 1520 dubio
1680 1481 1795 1520 hanc
1811 1481 2015 1530 alienige·

367 1546 471 1572 nam
488 1535 666 1573 Stellam
683 1535 979 1573 Instrumentis
994 1535 1143 1573 sedulo
1165 1535 1385 1573 dimensus
1407 1535 1462 1574 611
1483 1535 1712 1583 (siquidem
1731 1541 1793 1574 tot
1813 1535 2015 1579 aliarum,

368 1590 461 1626 eius
477 1590 624 1636 gratia,
644 1588 982 1627 Obseruationes
998 1588 1200 1626 indefesso
1212 1589 1382 1627 Labore
1396 1588 1604 1635 sustinuit)
1622 1588 1911 1637 acquiescere:
1928 1588 2015 1628 Sic·
2053 1601 2086 1627 25

367 1653 451 1688 que
463 1642 568 1679 Viro
584 1641 931 1689 incomparabili,
949 1641 987 1680 8(
998 1642 1214 1685 Veritatis,
1231 1644 1291 1680 vti
1303 1649 1484 1691 apparet
1497 1654 1550 1680 ex
1561 1642 1691 1690 ipsius
1702 1642 2016 1681 Astronomicis

368 1694 671 1732 Monumentis
688 1707 714 1733 a
730 1695 970 1733 Ptolemaeo
987 1698 1137 1740 citatis,
1154 1695 1457 1739 Rudiofissimo,
1477 1698 1622 1744 potius
1638 1696 1860 1744 derogare,
1879 1707 2016 1744 quam

367 1759 393 1785 a
409 1748 619 1795 Stagiritae
637 1748 751 1786 istius
769 1749 1063 1796 opinabilibus
1081 1749 1231 1787 saltem
1248 1748 1520 1793 coniecturis,
1542 1749 1769 1788 discedere.
1792 1749 1844 1788 Et
1859 1748 1889 1787 fi
1904 1748 2016 1788 nihil

367 1801 451 1838 tale
475 1802 528 1839 ab
552 1802 812 1849 Hipparcho
836 1801 1110 1850 conspectum
1133 1802 1278 1847 fuisset‚
1305 1803 1542 1851 Literisque
1568 1802 1883 1851 consignatum:
1909 1802 2016 1851 quid

368 1865 477 1901 opus
494 1854 637 1897 fuisset,
655 1855 845 1893 Plinium
862 1855 957 1894 haec
974 1856 1075 1894 data
1092 1868 1226 1904 opera
1243 1856 1526 1895 comminisci:
1545 1868 1646 1895 cum
1661 1856 1800 1895 multa
1815 1856 1926 1895 alias
1941 1855 2015 1895 ad·
2052 1867 2086 1894 30

367 1908 548 1945 modum
569 1909 780 1955 praeclara
801 1909 1087 1957 suppeterent,
1109 1921 1210 1957 quae
1231 1912 1276 1947 10
1297 1910 1475 1948 laudem
1496 1912 1604 1948 tanti
1620 1910 1713 1948 Viri
1733 1907 2016 1958 praedicaret?

368 1960 417 1998 Et
438 1962 542 2008 quid
563 1962 710 2009 quaeso
732 1965 885 2010 egregij
910 1969 984 2001 aut
1005 1963 1219 2011 fingulare
1237 1964 1289 2001 de
1306 1964 1381 2002 illo
1399 1964 1558 2007 retulit;
1581 1963 1610 2001 fi
1626 1964 1839 2002 duntaxat
1856 1963 2014 2002 Come-

366 2020 454 2051 tam
471 2014 664 2061 aliquem
681 2015 756 2053 suo
773 2027 874 2054 800
891 2023 1071 2054 6031010
1088 2017 1229 2055 vidisse
1242 2017 1566 2065 Hipparchum,
1583 2017 1725 2055 dicere
1742 2017 1896 2055 voluit:
1914 2027 2015 2055 cum

368 2067 653 2105 Cometarum
677 2071 920 2116 procreatio
944 2082 1034 2107 non
1058 2070 1170 2108 adeo
1194 2070 1364 2109 insolita
1387 2070 1445 2113 fit,
1470 2073 1577 2118 quin
1598 2070 1636 2108 &
1657 2070 1788 2119 vulgo
1809 2081 1885 2108 eos
1905 2081 2014 2108 non·

367 2132 596 2167 nunquam
619 2122 793 2160 existere
815 2122 984 2165 constet,
1008 2129 1139 2170 atque
1159 2135 1184 2161 a
1204 2124 1532 2162 Mathematum
1553 2126 1764 2172 imperitis
1785 2126 1917 2162 etiam
1937 2135 2014 2162 no·
2051 2134 2085 2161 ³5

366 2173 535 2211 tentur?
553 2175 708 2222 Neque
721 2176 808 2213 vlla
825 2176 879 2214 611
896 2188 1007 2223 pene
1021 2173 1034 2226 ΙΙ
1048 2177 1258 2215 Hominis
1275 2184 1394 2222 aetas,
1412 2180 1520 2225 quin
1531 2189 1646 2216 vnus
1657 2177 1727 2216 vel
1743 2177 1864 2221 alter,
1880 2177 2014 2216 modo
2038 2181 2101 2215 322

367 2238 455 2264 000
469 2227 613 2274 plures
626 2236 870 2266 cernantur.
885 2230 1070 2268 Proinde
1083 2233 1303 2278 egregium
1315 2231 1470 2269 scilicet
1482 2231 1692 2279 quiddam
1705 2230 1894 2279 praessitit
1904 2230 2014 2279 Hip-

366 2280 567 2326 parchus,
585 2280 621 2318 8(
639 2282 765 2319 valde
782 2283 906 2320 illum
924 2285 1202 2322 commendat
1215 2284 1392 2327 Plinius,
1410 2284 1439 2322 fi
1452 2284 1686 2323 Cometam
1700 2285 1923 2332 quendam
1937 2283 2014 2322 suo

366 2344 467 2370 800
480 2333 609 2371 vidit?
621 2334 746 2379 Jtane
759 2335 874 2373 iustis
888 2336 924 2373 8(
937 2337 1143 2384 grauibus
1156 2349 1208 2374 60
1222 2337 1276 2375 611
1289 2338 1500 2386 impulsus
1512 2339 1767 2382 rationibus,
1784 2344 1828 2376 vt
1839 2343 2014 2386 propter

367 2385 582 2423 Crinitam
603 2387 797 2434 aliquam
815 2389 1005 2431 Stellam.
1028 2392 1111 2427 cito
1133 2390 1454 2434 discurrentem,
1477 2391 1716 2440 saepiusque
1738 2391 2015 2430 consimiliter
2051 2402 2085 2428 4ο

366 2440 632 2481 redeuntem.
651 2448 820 2478 tanturn
837 2454 950 2480 onus
967 2443 1174 2485 humeris.
1193 2444 1320 2482 instar
1337 2445 1515 2483 alterius
1532 2446 1734 2488 Atlantis.
1756 2447 2013 2493 imponeret,

366 2499 407 2530 vt
424 2504 577 2530 omncs
596 2492 765 2532 Octauo
784 2495 899 2533 Orbe
917 2503 1154 2539 contentas,
1173 2509 1272 2544 quae
1290 2499 1440 2546 aliquo
1457 2499 1590 2537 modo
1607 2498 1715 2537 visui
1731 2504 1891 2547 patent.
1908 2497 2013 2537 Stel-

1935 2551 2013 2595 las.
