2243 3225
385 198 462 236 250
758 190 1211 231 ASTRONOMIAE
1233 187 1654 228 INSTAURATAE

385 302 655 340 Instrumenti
676 299 809 346 paulo
830 298 953 336 aliter
973 303 1075 335 tunc
1096 295 1386 334 numerandae
1402 296 1601 336 veniunt;
1624 293 1679 331 est
1695 295 1814 331 enim
1829 293 2027 331 Pinnaci-

384 356 504 393 dium
522 353 563 391 G
581 364 680 391 cum
700 352 788 395 suo,
810 351 927 399 quod
948 350 1114 397 respicit
1131 348 1344 397 Cylindro
1363 348 1407 391 F,
1429 346 1695 385 Parallelum
1712 346 1876 384 Centro
1892 347 1946 391 A,
1967 352 2027 384 at-

385 420 467 455 que
484 408 624 444 Arcus
642 405 914 442 Instrumenti
934 402 1190 441 meditullio.
1212 401 1338 439 Vnde
1354 401 1397 438 id
1414 400 1466 438 de
1483 401 1604 437 Arcu
1620 399 1739 447 quod
1759 401 2029 447 intercipitur

383 473 408 498 a
426 461 467 498 G
483 459 614 506 vsque
635 459 690 496 ad
710 457 988 495 medietatem
1007 458 1128 493 iuxta
1143 455 1195 493 30
1210 454 1327 502 grad.
1345 465 1436 491 non
1452 458 1722 491 numeratur.
1745 452 1884 490 Pofita
1903 452 2028 500 siqui-

383 514 482 551 dem
499 511 661 559 Regula
681 510 832 548 mobili
853 507 1001 547 exatfte
1022 511 1067 546 in
1083 508 1225 545 Arcus
1245 507 1405 551 medio,
1427 506 1464 544 &
1485 508 1681 543 intuente
1697 505 1797 543 Vno
1815 504 2027 544 Obserua-

382 573 473 603 tore
486 577 511 603 a
523 564 777 602 Pinnacidio
790 563 830 600 D
844 565 964 600 iuxta
974 562 1013 599 A
1025 560 1304 609 Cylindrum;
1316 559 1469 597 Altero
1482 571 1504 597 e
1518 559 1573 603 G,
1586 560 1699 596 circa
1711 558 1974 607 Cylindrum
1985 558 2029 603 F,

384 619 538 656 eadem
554 617 687 655 Stella
703 616 757 654 ab
773 621 956 662 vtroque
972 613 1145 662 prorsus
1161 615 1363 651 cernitur.
1385 612 1615 659 Quantum
1634 613 1762 660 igitur
1777 616 2031 650 remouetur

384 670 687 709 Pinnacidium
706 669 866 706 mobile
890 668 945 712 D,
966 667 1021 705 ab
1039 668 1182 704 Arcus
1202 666 1434 704 medietate
1454 665 1601 703 versus
1619 665 1667 709 B,
1689 664 1950 703 tantundem
1969 664 2030 703 di-

383 724 489 762 stant
503 724 602 761 duae
615 722 758 760 Stellae
775 720 1040 759 minutulam
1056 720 1254 767 aliquam
1269 718 1643 766 intercapedinem
1659 717 1915 756 obtinentes.
1933 717 2030 756 Cae-

382 782 474 815 tera
490 778 639 814 attenti
655 775 779 813 facile
796 774 1009 821 colligent.
1027 769 1042 823 ΙΙ

436 829 708 867 Diuifionem
725 839 828 865 vero
846 826 999 875 Lymbi
1016 828 1061 863 in
1077 824 1247 873 punctis
1263 824 1620 863 transuersalibus
1636 823 1944 862 subtilissimam
1960 835 2030 862 ex·
2054 830 2117 863 250

383 881 730 928 ad'tissimamque,
748 887 840 918 tum
857 882 988 918 etiam
1004 879 1363 917 Pinnacidiorum
1378 889 1455 926 per
1471 877 1653 915 rimulas
1669 877 1881 925 Cylindro
1897 878 2032 924 priori

383 934 630 978 Parallelas,
648 934 914 981 peculiarem
930 934 1217 980 apprimeque
1233 932 1442 969 idoneam
1457 930 1866 974 conformationem,
1882 929 1955 968 hic
1968 941 2031 968 re-

383 988 522 1025 serare
534 999 625 1025 non
636 987 769 1029 lubet:
788 987 957 1034 Integro
970 986 1112 1029 Libro,
1130 996 1219 1032 quo
1231 984 1497 1022 Mechanica
1508 983 1801 1022 Astronomiae
1812 995 1913 1031 pars
1924 989 2031 1021 trac-

383 1041 515 1079 tanda
539 1042 669 1083 venit,
695 1040 747 1078 de
773 1039 841 1077 his
866 1039 1091 1087 sigillatim,
1122 1038 1226 1085 quid
1252 1039 1534 1085 experientiae
1560 1042 1666 1075 ratae
1692 1036 1934 1075 consonum
1958 1036 2031 1075 ad-

382 1095 641 1137 inuenerim,
662 1093 882 1141 longoque
899 1091 974 1130 vsu
995 1103 1087 1129 non
1107 1090 1358 1139 infrugifere
1381 1090 1457 1138 (vti
1472 1090 1613 1138 spero)
1633 1091 1916 1134 exercuerim,
1937 1101 2030 1138 per-

382 1145 652 1185 tractaturus.

436 1200 518 1237 Sed
540 1199 577 1236 81
598 1199 786 1237 secundo
807 1198 940 1236 huius
962 1198 1119 1245 Operis
1136 1197 1292 1241 Tomo,
1314 1196 1410 1235 haec
1431 1198 1477 1234 in
1497 1196 1588 1244 ipsa
1608 1195 1898 1240 conclusione,
1919 1197 2033 1234 circa

382 1253 486 1290 bina
502 1252 589 1290 alia
605 1252 891 1290 Instrumenta
907 1251 994 1289 illic
1011 1251 1242 1298 designata,
1259 1251 1484 1298 praecipua
1500 1261 1553 1288 ex
1569 1255 1690 1297 parte
1707 1249 1967 1288 indicantur.

437 1306 514 1343 Ista
537 1308 663 1353 igitur
686 1305 738 1342 de
762 1305 977 1343 Sextantis
1001 1304 1181 1352 Organo
1203 1303 1274 1341 hic
1296 1303 1522 1341 sufficiant.
1549 1303 1734 1350 Reliqua
1757 1300 2032 1341 exssrudturae

383 1357 657 1405 inspedtione,
679 1364 753 1396 aut
772 1360 916 1405 potius
933 1357 1200 1395 Mechanica
1215 1355 1470 1395 trae'tatione
1487 1356 1618 1394 solers
1634 1355 1804 1394 Artifex
1819 1357 2033 1403 promtius

383 1412 600 1459 intelliget.
619 1411 768 1457 Quare
785 1411 853 1449 his
870 1411 1138 1458 explicandis
1155 1410 1345 1457 amplius
1361 1411 1589 1448 immorari
1605 1409 1723 1447 nolo.

437 1465 482 1502 Id
499 1464 648 1502 saltem
665 1464 842 1502 addam:
860 1463 992 1510 Quod
1009 1464 1038 1501 fi
1055 1463 1234 1511 quando
1252 1463 1327 1502 Sol
1342 1474 1419 1511 per
1435 1463 1774 1501 Instrumentum
1785 1473 1812 1500 a
1823 1462 1951 1500 Luna
1964 1461 2033 1500 vel

383 1518 565 1555 Veneris
586 1517 730 1561 Stella,
752 1523 794 1555 vt
815 1529 896 1555 nos
916 1517 1135 1564 saepissime
1158 1517 1255 1563 (ceu
1275 1518 1475 1564 proxime
1495 1516 1759 1564 praecedenti
1780 1515 1936 1563 Capite
1956 1514 2032 1553 ali·

384 1572 552 1618 quoties
572 1571 705 1618 patet)
726 1570 920 1614 fecimus,
942 1570 1089 1618 quoad
1110 1569 1356 1608 distantiam
1376 1569 1676 1608 obseruandus
1697 1570 1832 1613 venit;
1852 1574 1969 1613 tunc,
1989 1574 2033 1606 vt

383 1624 536 1662 vmbra
552 1626 781 1661 anterioris
798 1624 997 1672 Cylindri
1014 1626 1125 1661 inter
1140 1624 1266 1661 binas
1282 1623 1523 1671 Pinnacidij
1542 1622 1716 1661 mobilis
1736 1624 1965 1660 interiores
1985 1621 2032 1660 li-

384 1688 489 1714 neas
510 1678 675 1715 vmbrae
699 1677 760 1714 illi
784 1679 1031 1724 aequipares
1053 1675 1245 1714 exastius
1269 1676 1547 1721 discernatur,
1572 1675 1790 1714 Canalem
1811 1675 2034 1723 quendam

385 1730 559 1777 Regulae
577 1730 901 1777 applicandum,
919 1742 995 1777 per
1011 1741 1144 1777 quem
1160 1729 1314 1768 vmbra
1329 1729 1552 1773 transiens,
1574 1729 1628 1767 ab
1645 1730 1773 1767 Aeris
1790 1727 2033 1767 circumflui

385 1783 602 1821 luciditate
624 1795 714 1821 non
736 1784 960 1831 dissipetur‚
984 1783 1053 1821 sed
1076 1795 1128 1821 eo
1149 1785 1433 1831 apparentius
1454 1782 1648 1831 spacium
1668 1782 1782 1820 binis
1801 1781 1887 1820 illis
1906 1781 2034 1820 lineis

384 1838 669 1883 interceptum
692 1836 945 1884 adimpleat:
969 1836 1053 1874 hoc
1075 1842 1225 1874 tamen
1249 1848 1301 1874 ea
1324 1838 1528 1874 cautione
1551 1835 1815 1880 faciendum,
1839 1841 1882 1873 vt
1901 1837 1938 1873 is
1958 1836 2035 1882 qui

384 1891 505 1927 iuxta
522 1889 571 1933 C,
590 1890 850 1937 Cylindrum
867 1890 907 1927 A
924 1889 1101 1937 respicit,
1123 1889 1310 1927 liberum
1327 1889 1487 1928 habeat
1503 1887 1789 1938 prospectum,
1806 1899 1860 1926 eo
1875 1890 1922 1926 in
1937 1887 2035 1926 loco

386 1954 474 1979 non
498 1943 760 1989 impediente
785 1943 940 1981 canali.
965 1942 1097 1989 Quod
1120 1942 1149 1980 fi
1172 1943 1323 1990 aliqua
1346 1945 1440 1981 eius
1462 1954 1564 1991 pars
1587 1942 1675 1980 illic
1698 1941 1914 1985 defecerit,
1936 1941 2036 1980 satis

386 1996 613 2033 commode
631 1996 864 2043 praestatur.

439 2048 568 2086 Nunc
594 2049 780 2086 alterum
803 2049 1091 2087 Armillarum
1117 2049 1316 2087 videlicet
1339 2049 1703 2097 AEquatoriarum
1727 2048 1940 2096 Organon
1964 2047 2034 2086 de-

386 2100 566 2148 fignans,
585 2104 678 2139 eius
694 2102 815 2139 vsum
832 2102 1106 2149 postmodum
1122 2102 1330 2140 breuibus
1346 2103 1563 2141 indicabo.

423 2180 500 2217 DE
522 2181 798 2219 ARMILLIS
819 2181 1200 2228 AEQUATORIJS
1221 2182 1490 2221 SIDERUM
1513 2179 2001 2220 DECLINATIONES

634 2243 832 2289 ATQUE
854 2243 1277 2282 DIFFERENTIAS
1299 2243 1788 2283 ASCENSIONALES

815 2305 1055 2343 PROMTE
1078 2305 1603 2345 MENSURANTIBUS.

390 2365 785 2454 MA-CHINAS
812 2367 1068 2404 Armillares
1094 2379 1119 2404 a
1145 2367 1374 2428 Yeteribus
1401 2368 1637 2429 vsurpatas,
1667 2379 1768 2415 quae
1793 2366 2036 2428 Zodiacum

527 2430 637 2455 c1rca
655 2419 751 2455 suos
766 2419 892 2456 Polos
910 2427 1030 2457 extra
1044 2420 1346 2458 Meridianum
1363 2422 1668 2460 conuolubiles
1684 2426 1850 2469 gerunt,
1867 2420 2035 2458 iamdu-

387 2471 490 2507 dum
513 2471 567 2507 ob
589 2471 738 2509 causas
760 2475 803 2509 in
826 2475 1038 2520 principio
1062 2473 1194 2510 huius
1216 2473 1396 2520 Capitis.
1421 2475 1571 2522 aliqua
1593 2486 1645 2512 ex
1666 2480 1787 2522 parte
1810 2473 2036 2574 indicat&

2067 519 2082 544 5

2070 783 2100 810 10

2071 1049 2101 1075 15

2069 1315 2103 1340 20

2069 1580 2103 1606 25

2071 1845 2104 1872 30

2072 2111 2105 2138 ³5

2073 2430 2106 2456 40

2219 929 2223 944 Ι

2220 1014 2224 1092 i

2221 1114 2224 1152 l

2224 1416 2232 1686 ἰ

2228 1704 2237 1982 ⁸:

2235 2009 2238 2104 3
