2243 3225
382 221 449 259 214
756 215 1211 254 ASTRONOMIAE
1232 213 1654 252 INSTAURATAE

383 326 567 363 eandem
584 324 800 361 Draconis
817 321 995 360 Stellam
1012 321 1091 359 BC
1108 326 1214 369 part.
1232 320 1294 358 90.
1311 321 1416 357 min.
1433 319 1496 357 37.
1514 319 1679 357 Lucida
1694 330 1800 357 vero
1813 320 1974 357 Arietis
1991 319 2029 357 &

383 379 493 417 Calx
509 378 629 425 pedis
642 376 938 414 Geminorum
950 374 1027 411 AB
1042 378 1326 412 remouentur
1341 378 1449 420 part.
1462 372 1524 411 58.
1538 374 1642 410 min.
1655 372 1732 412 2125.
1750 371 2029 420 Quapropter

381 443 480 469 cum
500 433 545 467 in
565 428 805 476 Triangulo
821 427 941 464 APB
963 428 1063 465 data
1086 427 1164 464 fint
1184 427 1273 464 duo
1294 426 1463 469 Latera,
1484 437 1572 464 vna
1593 437 1694 464 cum
1713 425 1892 473 Angulo
1913 437 2028 464 com-

380 483 619 531 praehenso‚
637 493 741 519 nam
754 481 827 518 PA
840 480 894 518 est
907 480 1152 527 Complem.
1166 480 1289 517 Latit.
1302 479 1480 517 Lucidae
1492 479 1666 523 Arietis,
1677 484 1785 526 part.
1798 478 1860 517 80.
1873 481 1978 517 min.
1991 479 2027 517 2.

382 536 423 584 ll.
441 537 502 574 57.
528 536 659 573 Latus
681 534 753 572 ΒΡ
775 533 934 571 constat
958 544 1011 570 ex
1034 533 1181 571 addita
1202 532 1451 570 Latitudine
1473 531 1618 570 Calcis
1641 532 1763 579 pedis
1787 534 1822 575 ]1
1846 532 1901 570 ad
1922 544 2028 580 qua·
2066 546 2082 571 5

380 591 577 627 drantem
593 593 699 635 part.
713 587 774 625 90.
788 588 892 624 min.
905 586 967 624 52.
982 584 1025 634 ll.
1038 586 1100 624 57.
1118 586 1321 633 Angulus
1337 590 1486 623 autem
1502 585 1627 628 APB.
1643 596 1720 633 per
1736 584 2029 624 differentiam

379 641 680 690 Longitudinis
701 640 860 678 harum
881 639 1115 677 Stellarum
1136 644 1278 682 notus,
1299 644 1406 686 part.
1424 639 1486 677 57.
1508 640 1613 676 min.
1630 638 1693 676 38.
1715 636 1758 686 ll.
1776 638 1829 676 10.
1852 638 1916 676 Ex
1936 638 2028 676 Tri-

378 695 641 743 angulorum
664 695 791 741 igitur
811 692 980 740 placitis
1000 692 1235 730 innotescet
1255 694 1430 730 tertium
1452 692 1585 730 Latus
1606 692 1689 729 BA
1709 696 1817 738 part.
1838 691 1901 730 58.
1925 690 1951 739 l.
1972 691 2026 730 21.

380 748 409 796 ll
416 748 493 791 .48‚
507 747 624 795 quod
637 749 768 784 etiam
780 746 1151 792 intercapedinem
1163 745 1340 783 Lucidae
1347 746 1521 789 Arietis,
1534 744 1711 792 eiusque
1724 756 1825 792 quae
1836 746 1883 782 in
1895 744 2027 784 Calce

378 802 499 849 pedis
520 801 575 838 est
600 803 633 843 Π
657 800 929 843 determinat,
950 798 1100 836 saltem
1120 804 1277 846 quarta
1297 800 1463 836 circiter
1483 800 1612 836 vnius
1634 800 1792 836 minuti
1815 803 1936 845 parte
1960 798 2027 836 In·
2069 811 2100 836 10

377 855 620 892 strumentis
646 853 919 890 obseruatam
945 852 1171 895 excedens,
1198 851 1316 899 quod
1341 851 1506 889 nullius
1532 851 1604 889 hic
1629 851 1684 889 est
1709 853 1934 889 momenti.
1963 851 2027 889 Ex

379 907 583 945 omnibus
599 907 778 944 demum
794 904 891 943 dicti
903 905 1130 952 Trianguli
1147 905 1339 943 eiusdem
1351 904 1578 943 Lateribus
1589 904 1710 942 APB
1726 906 1817 943 iam
1833 906 2026 953 cognitis,

378 961 682 1008 supputatione
700 961 831 997 etiam
852 955 866 1008 ΙΙ
887 960 1095 996 inuentus
1112 958 1167 996 est
1182 958 1386 1006 Angulus
1402 958 1535 1001 PBA,
1557 958 1599 995 Ρ.
1617 958 1679 996 77.
1697 959 1802 996 min.
1819 957 1882 996 43.
1901 956 1945 1006 ll.
1961 958 2025 997 57.
2051 965 2116 996 212

379 1014 549 1051 Deinde
561 1015 607 1050 in
618 1012 858 1059 Triangulo
870 1011 998 1050 BAC
1010 1023 1111 1049 cum
1127 1013 1208 1050 tria
1223 1014 1355 1050 etiam
1367 1011 1525 1050 Latera
1536 1010 1726 1049 constent
1738 1010 1818 1050 BC
1830 1011 2028 1050 distantia

378 1067 522 1105 Calcis
545 1069 580 1109 Π
605 1065 642 1103 8(
663 1065 807 1104 Stellae
824 1064 1043 1103 Draconis
1059 1070 1166 1112 part.
1183 1065 1246 1103 90.
1265 1063 1290 1113 l.
1308 1065 1371 1109 37,
1392 1065 1478 1103 AC
1495 1064 1674 1102 Lucidae
1693 1070 1754 1108 V,
1775 1064 1813 1102 &
1835 1064 2028 1103 eiusdem
2069 1077 2099 1102 15

377 1120 594 1158 Draconis
618 1119 762 1157 Stellae
783 1118 826 1156 P.
843 1118 906 1156 84.
929 1116 1057 1166 1201.
1080 1119 1163 1156 ΒΑ
1179 1130 1284 1156 vero
1303 1124 1349 1158 V
1369 1118 1407 1156 8(
1430 1121 1465 1161 ][
1490 1117 1725 1156 Stellarum
1748 1118 2029 1166 intercapedo

376 1173 508 1211 modo
524 1184 601 1220 per
618 1171 852 1210 Calculum
868 1173 1070 1216 innotuit,
1087 1172 1130 1210 P.
1147 1172 1210 1210 58.
1230 1170 1255 1219 l.
1268 1172 1322 1209 21.
1340 1170 1383 1219 ll.
1395 1172 1459 1210 48.
1477 1172 1609 1219 Igitur
1626 1170 1664 1209 &
1679 1171 1883 1219 Angulus
1900 1171 2028 1210 CBA

375 1227 508 1264 latere
529 1237 621 1263 non
642 1227 796 1273 poterit
817 1230 924 1272 part.
942 1225 1004 1263 82.
1024 1223 1049 1272 l.
1067 1226 1129 1263 57.
1149 1223 1192 1273 ll.
1209 1226 1263 1263 51.
1286 1225 1506 1272 Deinceps
1526 1224 1845 1272 progrediendo
1865 1225 1920 1263 ad
1935 1224 2028 1262 Tri-

376 1279 588 1327 angulum
608 1278 739 1323 BPC,
760 1278 832 1316 vbi
853 1280 1024 1326 cognita
1045 1278 1140 1316 sunt
1161 1279 1249 1316 duo
1270 1278 1429 1317 Latera
1448 1278 1520 1316 PB
1543 1290 1595 1316 ex
1617 1278 1865 1316 Latitudine
1882 1277 2028 1317 Calcis

375 1334 495 1381 pedis
515 1335 550 1376 Π
570 1332 803 1379 quadranti
819 1330 999 1376 adiecta,
1017 1338 1124 1379 part.
1141 1332 1203 1370 90.
1223 1330 1248 1379 l.
1266 1332 1329 1370 52.
1349 1330 1391 1379 ll.
1409 1332 1472 1375 57,
1495 1331 1532 1369 &
1554 1331 1634 1370 BC
1649 1342 1727 1379 per
1742 1332 2027 1379 intercapedi-
2066 1343 2100 1368 20

375 1398 476 1424 nem
493 1386 637 1424 Stellae
655 1385 873 1423 Draconis
890 1385 928 1423 8(
945 1385 1090 1424 Calcis
1110 1388 1144 1429 Π
1164 1391 1271 1432 part.
1288 1386 1351 1423 90.
1371 1384 1395 1433 l.
1413 1385 1476 1423 37.
1498 1384 1701 1432 Angulus
1717 1396 1823 1422 vero
1839 1384 1958 1423 BPC
1974 1384 2028 1423 fic

374 1440 570 1477 habetur.
593 1438 812 1477 Subducto
829 1439 1007 1486 Angulo
1026 1439 1147 1476 PBA
1168 1438 1223 1477 ab
1240 1438 1418 1487 Angulo
1436 1438 1576 1482 CBA,
1598 1444 1811 1485 tanquam
1831 1443 1953 1486 parte
1974 1438 2027 1476 de

373 1493 448 1530 suo
469 1498 572 1536 toto,
595 1492 809 1530 ambobus
830 1493 950 1539 prius
971 1494 1175 1536 inuentis,
1197 1492 1440 1530 remanebit
1456 1491 1659 1540 Angulus
1678 1491 1797 1530 PBC
1816 1493 2026 1540 cognitus,

373 1552 479 1593 part.
493 1547 528 1584 5.
544 1544 568 1593 s.
582 1546 635 1584 13.
650 1544 692 1593 ll.
705 1546 768 1584 54.
786 1546 978 1593 Ideoque
991 1545 1029 1583 8(
1041 1546 1174 1584 Latus
1190 1548 1366 1583 tertium
1378 1545 1453 1584 PC
1466 1544 1745 1593 cognoscetur
1760 1550 1868 1592 part.
1881 1545 1918 1583 5.
1932 1543 1958 1592 Ι.
1971 1545 2025 1583 14.

375 1598 386 1647 s
393 1598 404 1647 l
411 1630 417 1637 .
432 1600 483 1638 17.
502 1600 647 1646 Atque
660 1611 713 1637 ex
724 1601 838 1637 notis
850 1601 940 1637 iam
951 1599 1087 1637 tribus
1100 1599 1327 1637 Lateribus
1340 1599 1546 1637 constabit
1558 1600 1690 1636 etiam
1702 1598 1905 1646 Angulus
1917 1597 2026 1637 BPC
2065 1609 2098 1635 25

373 1658 478 1700 part.
497 1653 558 1691 87.
579 1654 683 1690 min.
700 1653 736 1690 7.
756 1650 798 1700 sl.
816 1652 878 1690 30.
902 1652 1194 1700 Repraesentat
1215 1658 1364 1690 autem
1385 1652 1519 1690 Latus
1540 1651 1615 1690 PC
1637 1651 2028 1699 Complementum

374 1706 633 1744 Latitudinis
650 1705 795 1744 Stellae
813 1706 1043 1749 Draconis,
1066 1706 1269 1754 Angulus
1285 1717 1390 1744 vero
1407 1705 1525 1744 BPC
1542 1704 1851 1743 Differentiam
1870 1705 2026 1753 Longi-

372 1760 534 1797 tudinis
555 1759 746 1797 eiusdem
767 1771 793 1797 a
816 1759 949 1797 Calce
966 1760 1087 1806 pedis
1108 1762 1142 1803 Π
1162 1759 1434 1797 determinat.
1451 1759 1577 1797 Vnde
1595 1758 1842 1806 Longitudo
1859 1758 1897 1797 8(
1913 1758 2026 1796 Lati·

372 1813 477 1850 tudo
494 1812 627 1850 huius
644 1812 788 1851 Stellae
806 1812 1023 1851 Draconis
1045 1815 1134 1851 iam
1155 1812 1253 1851 satis
1274 1818 1403 1860 patet.
1424 1818 1553 1860 prout
1574 1814 1795 1859 inquirere
1812 1811 2026 1850 constitui-

373 1878 483 1904 mus.
502 1866 655 1913 Estque
673 1866 946 1904 eiuscemodi.
1160 1891 1194 1922 P.
1340 1900 1363 1921 s.
1534 1918 1535 1921 Ἴ
1570 1914 1576 1920 .
2064 1876 2099 1902 30

772 1946 1018 1993 Longitudo
1147 1946 1210 1984 26.
1320 1945 1383 1984 38.
1495 1945 1546 1984 50
1563 1951 1624 1993 ΠΡ.

773 1999 976 2037 Latitudo
1148 1999 1211 2038 84.
1321 2000 1384 2038 45.
1495 1998 1545 2037 43
1563 1999 1609 2036 B.

1175 2088 1224 2126 II.

400 2149 566 2192 IDEM.
590 2149 666 2187 EX
688 2149 1012 2188 DISTANTIA
1035 2150 1304 2188 EIUSDEM
1326 2149 1644 2188 STELLULAE
1664 2150 1705 2186 A
1727 2148 2002 2191 MERIDIO·

545 2211 789 2250 NALIORI
812 2212 1022 2250 CAPITE
1048 2215 1101 2255 Π.
1124 2212 1329 2259 ATQUE
1352 2212 1466 2250 IAM
1489 2211 1774 2250 ASSUMTA
1796 2211 1859 2249 IN
2065 2223 2098 2249 35

913 2274 1108 2312 CALCE
1130 2274 1489 2313 EXPLORARE.

424 2344 464 2381 N
487 2344 679 2391 apposita
701 2345 856 2392 Figura
879 2345 923 2382 sit
946 2346 978 2382 Β
1001 2345 1181 2383 inferius
1204 2346 1348 2393 Caput
1375 2349 1427 2389 Π.
1450 2346 1490 2383 Α
1513 2345 1625 2384 Calx
1646 2345 1767 2392 pedis
1792 2346 1846 2388 Π.
1869 2343 1906 2382 C
1922 2343 2027 2382 Stel-

441 2397 530 2434 lula
548 2397 777 2435 Draconis
802 2398 983 2445 Reliqua
1002 2399 1282 2446 intelligenda
1299 2405 1341 2436 vt
1358 2401 1495 2446 prius:
1518 2398 1778 2436 Distantiam
1793 2408 1899 2436 vero
1917 2399 2028 2435 inter

377 2450 555 2488 Stellam
580 2451 797 2488 Draconis
821 2451 857 2489 8(
882 2452 1103 2489 Pollucem
1126 2452 1203 2490 CB
1229 2459 1431 2499 expertus
1455 2452 1547 2490 sum
1569 2452 1611 2489 P.
1633 2451 1686 2489 81.
1710 2450 1735 2498 Ι.
1757 2451 1833 2489 31ὲ.
1858 2450 1943 2489 CA
1964 2461 2027 2488 re-

377 2505 512 2540 motio
531 2503 674 2541 Calcis
692 2504 728 2540 8(
746 2504 890 2542 Stellae
908 2505 1125 2542 Draconis
1146 2507 1266 2552 prius
1287 2506 1477 2543 indicata
1499 2505 1553 2543 est
1572 2511 1678 2552 part.
1696 2504 1759 2542 90.
1778 2502 1803 2551 l.
1820 2504 1883 2543 37.
1907 2503 2026 2550 Qua·
2065 2515 2099 2541 ⁴0

1853 2562 2028 2605 propter
