2243 3225
406 210 471 248 414
621 205 791 244 ASTR.
815 202 971 241 INST.
993 199 1325 239 PROGYMN.
1348 196 1658 236 SECUNDA
1678 194 1830 234 PARS

405 320 550 353 autem
567 314 712 349 minus
728 310 799 347 hic
815 311 860 346 in
873 308 1033 351 Dania,
1046 306 1117 344 vbi
1128 308 1242 343 intra
1253 304 1304 342 28
1316 305 1482 342 circiter
1497 307 1642 349 partes
1653 301 1947 340 Horizontem
1957 312 2050 339 non

405 368 548 413 attigit.
557 365 723 410 Jdcirco
735 372 879 409 neque
890 360 961 398 hic
974 370 1117 407 neque
1128 361 1174 396 in
1185 364 1275 396 tota
1286 356 1451 404 vspiam
1465 355 1721 400 Germania,
1734 366 1835 393 cum
1845 356 1892 392 in
1903 356 2050 393 citima

405 419 647 457 decliuitate
660 422 762 459 erat,
776 412 1094 452 Refrad‘tionem
1105 412 1240 450 vllam
1251 410 1439 448 sensibus
1451 408 1788 457 perceptibilem,
1800 407 2048 446 insinuauit.

405 473 452 510 In
465 471 688 517 Hispanijs
704 468 859 511 forsan,
876 466 948 504 vbi
961 464 1193 503 Munofius
1208 475 1307 502 eam
1320 465 1366 501 in
1377 463 1637 500 Eleuatione
1654 463 1813 506 citima,
1830 461 1884 501 1121
1900 461 2050 500 saltem

404 526 592 573 partium
604 522 861 564 Obseruauit,
880 517 1198 557 Refradtionem
1210 515 1535 564 aliquantulam
1545 515 1768 563 suggerere
1779 517 1932 563 potuit,
1949 525 2050 562 quae
2087 527 2103 553 ⁵

403 584 550 616 tamen
566 577 801 623 perexigua
818 579 920 616 erat,
939 572 976 610 &
993 572 1290 610 Instrumentis
1306 569 1384 608 nifi
1400 569 1642 607 admodum
1657 567 1902 616 scrupulose
1919 567 2049 606 distri·

403 631 527 671 butis,
545 632 617 666 vix
633 630 782 676 patuit.

456 683 733 730 Quapropter
750 691 849 718 cum
861 676 1167 722 Refrae'tiones‚
1185 682 1336 715 contra
1352 687 1416 720 ea,
1434 687 1535 723 quae
1547 675 1600 713 de
1612 674 1894 713 Parallaxeos
1905 673 2051 713 Stellae

403 736 535 774 huius
558 734 874 773 insensibilitate
899 733 1179 778 carentiaque
1203 729 1612 772 demonstrauimus,
1639 728 1750 766 nihil
1775 730 1907 766 etiam
1929 727 2048 776 dubij

403 789 561 828 inferre
581 789 812 836 potuerint,
833 784 1109 824 manifestum
1126 784 1180 822 est
1200 783 1275 822 illa
1291 784 1443 821 omnia
1459 782 1514 820 ad
1531 782 1727 820 amussim
1743 783 1803 820 ita
1817 781 1858 820 se
1874 780 2050 826 habere,
2091 794 2121 820 ιο

403 854 546 889 neque
562 842 696 879 vllam
713 840 866 878 restare
882 838 1036 877 iustam
1053 836 1378 876 contradicendi
1395 835 1678 874 occasionem.

457 896 524 933 De
548 894 848 932 Parallaxibus
871 894 1018 939 itaque
1042 891 1175 929 huius
1198 890 1357 934 Stellae,
1381 889 1500 937 quod
1522 888 1696 937 prorsus
1719 888 1855 927 nullae
1877 887 2050 933 fuerint,

404 949 608 996 quodque
630 959 682 985 ea
701 947 829 994 supra
850 947 1051 984 omnium
1067 944 1349 982 Planetarum
1368 954 1469 981 oras
1486 942 1676 981 exaltata
1691 944 1737 980 in
1752 941 1948 990 ipfissimo
1963 941 2050 980 Fir-

456 1007 691 1043 mamento‚
709 1002 819 1038 inter
831 999 1001 1046 reliqua
1012 998 1119 1036 Fixa
1130 997 1294 1040 Sidera,
1309 1002 1399 1035 toto
1411 996 1656 1034 durationis
1666 995 1885 1043 Tempore
1897 1006 1999 1034 con-

509 1054 662 1098 stiterit,
670 1053 805 1091 veluti
815 1053 899 1091 hoc
909 1052 1038 1090 Sexto
1047 1051 1202 1098 Capite
1213 1050 1445 1089 enucleare
1456 1049 1839 1097 demonstrareque
1847 1060 1945 1097 pro·
2091 1061 2121 1087 15

562 1107 798 1155 posuimus,
815 1106 857 1144 id
874 1108 963 1144 iam
980 1105 1091 1143 adeo
1107 1104 1367 1142 sufficienter
1384 1103 1612 1141 obtentum
1624 1103 1700 1141 esse
1712 1101 1891 1141 confidi-

614 1172 724 1204 mus,
733 1166 776 1197 vt
786 1159 933 1197 nullus
943 1158 988 1196 fit
998 1159 1115 1206 apud
1126 1157 1454 1196 Mathematum
1463 1158 1625 1204 peritos
1633 1158 1837 1204 tergiuer-

667 1213 821 1252 sationi
829 1213 965 1256 locus;
977 1211 1127 1259 Quare
1137 1211 1205 1249 his
1215 1216 1365 1249 contra
1375 1210 1551 1258 quasuis
1561 1221 1785 1258 oppugna-

720 1269 860 1305 tiones
869 1266 922 1304 fic
931 1267 1111 1304 munitis
1119 1265 1313 1303 &intuto
1323 1262 1493 1307 remitis,
1503 1263 1559 1302 ad
1569 1275 1622 1302 ea
1631 1274 1731 1311 quae

796 1319 1152 1368 Magnitudinem
1164 1318 1308 1357 Stellae
1320 1329 1472 1356 veram
1484 1329 1658 1355 concer-
2088 1327 2122 1353 20

990 1377 1112 1415 nunt,
1129 1383 1428 1419 properemus.
1446 1367 1461 1421 ΙΙ

1858 2544 2050 2585 CAPVT
