2164 3246
425 206 1084 247 PROGYMNASMATUM
1107 208 1310 246 PRIMA
1331 208 1483 247 PARS
1704 209 1781 248 247

127 314 224 363 ipfis
240 314 433 353 constare
449 316 605 362 potuit;
623 326 703 352 nec
721 317 839 352 enim
852 315 926 353 Sol
942 315 1030 352 illic
1046 317 1091 352 in
1109 315 1307 353 Brumali
1324 316 1572 354 decliuitate
1588 315 1781 354 sensibile

127 366 412 406 Resrafflonis
427 367 793 415 impedimentum
809 369 1044 416 ingerebat,
1065 368 1163 407 satis
1179 368 1308 416 supra
1324 369 1619 407 Horizontem
1636 370 1780 408 eleua-

125 428 194 460 tus
210 421 404 459 existens.
427 421 673 459 Necessario
694 423 841 469 itaque
862 422 1083 460 inducitur
1103 427 1294 460 mutatas
1311 423 1387 460 esse
1405 422 1640 461 Stellarum
1656 423 1780 461 Fixa-

124 486 225 513 rum
240 474 524 518 Latitudines,
542 485 569 512 a
584 474 795 512 Veterum
810 475 1103 522 Temporibus
1118 475 1205 513 huc
1222 475 1370 523 vsque:
1392 476 1524 523 idque
1540 476 1780 515 secundum

72 541 88 567 s
125 530 455 577 proportionem
466 530 648 566 variatae
665 528 933 575 obliquitatis
946 528 1178 576 Eclipticae.
1197 528 1329 575 Quod
1346 529 1417 567 hic
1433 535 1506 573 tot,
1523 535 1702 577 tamque
1716 532 1779 568 in-

66 586 87 617 †
124 582 330 620 dubitatis
345 583 586 629 ratiocinijs
602 581 877 619 manifestare
894 581 949 620 ab
965 584 1090 619 initio
1107 582 1426 630 proposuimus.

177 635 295 673 Licet
305 646 411 673 vero
427 634 658 673 nonnullae
675 637 963 673 inueniantur
975 635 1132 678 Stellae.
1151 647 1251 683 quae
1268 636 1371 674 huic
1388 635 1630 674 inductioni
1647 637 1779 675 recla-

123 690 288 733 mitent,
310 688 548 736 praesertim
569 688 735 726 Lucida
756 688 831 726 illa
851 688 987 726 Canis
1008 691 1188 727 maioris
1210 688 1248 726 8(
1269 690 1476 736 quaedam
1497 689 1610 733 ahae,
1631 695 1780 728 tamen

123 742 167 780 id
189 743 334 789 potius
356 741 714 789 transcriptorum
737 744 855 786 vitio,
880 744 955 789 qui
978 754 1187 780 numeros
1211 754 1287 790 per
1310 743 1477 781 Literas
1502 742 1685 781 Graecas
1709 755 1778 781 ex-

56 808 87 834 ιο
122 795 290 843 pressos,
314 806 406 833 non
428 796 508 833 rite
530 796 687 833 imitati
709 795 817 839 sunt,
842 796 1025 833 euenisse
1049 795 1196 840 sentio,
1222 807 1357 843 quam
1381 797 1499 843 quod
1522 798 1568 834 in
1590 798 1655 844 ijs,
1679 808 1779 844 quae

123 850 213 888 iam
237 848 510 892 astruximus,
536 848 704 896 aliquid
729 848 862 886 lateat
887 848 1020 896 dubij‚
1048 849 1166 896 quod
1192 848 1582 887 contradictionem
1605 849 1779 888 firmam

122 907 358 994 mggilittltlilli
373 966 451 1003 per
467 955 646 999 Literas,
669 966 769 993 cum
786 955 968 993 Illustris.
986 955 1197 1003 Principis
1213 956 1529 994 WILHELMI
1547 956 1779 995 HASSIAE

123 1008 535 1047 LANDTGRAVII
565 1008 898 1053 Mathematico,
929 1009 967 1047 &
997 1009 1049 1046 de
1075 1009 1261 1047 Latitud.
1293 1009 1527 1047 Stellarum
1557 1010 1778 1054 Fixarum‚

35 1069 99 1101 247
122 1073 202 1110 pro
218 1063 388 1101 ratione
405 1058 420 1112 ΙΙ
436 1061 632 1100 alteratae
648 1062 951 1100 Inclinationis
968 1062 1188 1109 Eclipticae
1205 1065 1426 1107 maximae,
1445 1068 1626 1107 mutata,
1645 1063 1683 1101 8(
1699 1064 1779 1102 La-

122 1115 306 1154 titudine
322 1116 476 1160 Lunae,
497 1117 544 1153 in
559 1116 837 1154 remotissima
852 1115 929 1153 sua
945 1115 1000 1154 ab
1018 1116 1226 1163 Ecliptica
1242 1116 1504 1164 digressione,
1526 1116 1672 1155 adhuc
1687 1129 1778 1155 ma—

121 1170 214 1207 iore
230 1181 257 1208 a
271 1181 343 1208 me
359 1169 601 1208 adinuenta
617 1180 754 1217 quam
770 1169 999 1207 Veteribus
1016 1169 1156 1207 visum
1173 1169 1243 1207 est:
1267 1169 1356 1216 Qui
1372 1169 1412 1207 se
1429 1181 1604 1208 mecum
1620 1171 1778 1209 vtrobi-

122 1233 208 1270 que
229 1222 469 1261 consentire
490 1221 752 1267 affirmabat,
774 1223 908 1261 veluti
929 1222 1025 1261 haec
1047 1223 1177 1261 latius
1195 1225 1241 1260 in
1257 1222 1663 1262 Astronomicarum
1681 1224 1779 1271 Epi—

65 1280 85 1311 τ
121 1275 327 1315 stolarum
343 1276 475 1314 Libro
491 1275 727 1324 patescunt.

51 1342 85 1368 20
174 1328 456 1378 Quapropter
479 1328 548 1367 his
570 1331 631 1368 ita
652 1329 844 1368 stabilitis
868 1329 906 1367 &
929 1329 1191 1368 sufficienter
1217 1329 1429 1377 expolitis,
1456 1330 1511 1368 ad
1537 1330 1626 1368 alia
1650 1336 1779 1378 prout

121 1382 419 1422 constituimus
435 1383 711 1427 accedamus,
729 1383 1018 1421 Instrumenta
1029 1383 1145 1427 bina,
1163 1383 1323 1430 quibus
1334 1385 1556 1431 praecipue
1568 1386 1680 1422 inter
1692 1384 1778 1422 Ob-

119 1435 386 1475 seruandum
407 1436 642 1476 Stellarum
662 1436 763 1474 fitus
784 1436 844 1474 vfi
863 1436 1025 1481 sumus,
1049 1438 1139 1474 iam
1159 1436 1465 1484 subsequenter
1486 1437 1777 1484 explanaturi.

120 1543 200 1582 DE
217 1543 665 1583 INSTRUMENTIS
682 1543 950 1591 QUORUM
967 1543 1044 1581 VT
1062 1543 1388 1582 PLURIMUM
1405 1543 1468 1581 IN
1487 1543 1778 1582 OBSERUA-

407 1605 692 1645 TIONIBUS
707 1605 1158 1650 ANTESIGNATIS,
1177 1605 1322 1644 VSUS
1339 1605 1487 1644 FUIT.

49 1689 83 1715 25
210 1676 463 1716 UONIAM
484 1677 661 1726 promisi
676 1689 747 1716 me
765 1677 1053 1715 Instrumenta
1069 1679 1115 1715 in
1133 1677 1524 1724 Obseruationibus
1541 1679 1631 1715 iam
1647 1683 1777 1715 antea

223 1730 456 1779 aliquoties
472 1733 828 1770 commemoratis
841 1731 1056 1779 vsurpata,
1074 1731 1128 1769 ob
1144 1731 1296 1768 oculos
1308 1730 1550 1778 positurum
1561 1736 1693 1778 atque
1707 1742 1776 1768 ex-

118 1783 399 1832 plicaturum:
421 1785 488 1823 En
503 1785 608 1823 bina
623 1784 695 1823 hic
713 1785 839 1829 dabo,
861 1784 923 1822 illi
940 1784 1200 1832 potissimum
1222 1783 1368 1822 officio
1386 1783 1616 1831 defignata,
1639 1795 1776 1831 quan-

117 1842 211 1876 tum
226 1837 427 1876 videlicet
442 1838 499 1877 ad
515 1839 736 1877 distantias
753 1838 988 1877 Stellarum
1005 1844 1136 1885 atque
1153 1837 1421 1875 differentias
1433 1837 1775 1881 Ascenfionales,

118 1902 219 1930 cum
227 1890 313 1930 suis
323 1891 707 1930 Declinationibus
717 1892 967 1940 capiendas,
978 1893 1129 1930 attinet
1138 1903 1145 1935 ;
1160 1890 1365 1937 Quorum
1374 1902 1513 1928 vnum
1523 1890 1777 1929 Sextantem

48 1955 82 1982 30
117 1943 484 1990 Astronomicum,
515 1945 704 1984 alterum
729 1945 940 1983 Armillas
965 1944 1250 1992 AEquatorias
1276 1944 1511 1992 appellaui,
1538 1944 1591 1982 de
1618 1944 1776 1991 quibus

117 2009 235 2037 nunc
249 1998 435 2037 seorsim.

99 2068 196 2134 'DE
221 2095 529 2135 SEXTANTE
552 2096 1010 2140 ASTRONOMICO,
1038 2095 1395 2134 STELLARUM
1423 2094 1774 2133 INTERCAPE-

148 2157 394 2198 DINIBUS
416 2159 685 2198 CAELITUS
707 2158 1018 2201 RIMANDIS.
1042 2157 1479 2196 INSTRUMENTO
1501 2158 1542 2194 A
1564 2156 1741 2195 NOBIS

341 2221 740 2265 EXCOGITATO,
763 2220 1150 2267 APPRIMEQUE
1173 2219 1550 2258 OPPORTUNO.

46 2302 79 2329 35
212 2291 309 2331 UM
325 2303 402 2341 per
418 2292 608 2331 Radium
619 2292 975 2330 Astronomicum
993 2291 1228 2330 Stellarum
1245 2291 1466 2329 distantias
1483 2291 1596 2329 adeo
1614 2289 1775 2333 exac‘te,

224 2351 268 2384 vt
279 2357 391 2394 opus
403 2345 470 2390 est,
487 2346 665 2384 scrutari
678 2357 964 2393 nequaquam
977 2346 1255 2388 concedatur,
1269 2356 1348 2382 ceu
1361 2344 1531 2382 diutina
1544 2356 1614 2382 me
1628 2344 1776 2382 docuit

116 2397 407 2446 Experientia,
425 2399 562 2438 caufis
574 2411 651 2438 cur
662 2400 705 2438 id
717 2399 793 2437 fiat
804 2399 908 2437 alibi
921 2399 1179 2441 reserandis:
1198 2399 1250 2436 de
1263 2398 1351 2436 alio
1366 2397 1667 2439 Instrumento,
1686 2408 1774 2444 quo

115 2456 204 2490 tam
224 2453 506 2491 necessarium
526 2453 582 2491 ad
604 2465 697 2491 rem
713 2452 1066 2491 Astronomicam
1088 2454 1321 2500 negocium
1343 2451 1527 2489 fideliter
1549 2453 1707 2498 exequi
1728 2451 1774 2487 li·

116 2511 240 2549 ceret,
261 2506 410 2544 multis
431 2506 486 2544 ab
506 2506 609 2545 hinc
628 2507 772 2544 Annis
795 2508 1000 2554 cogitaui;
1023 2505 1061 2543 8(
1083 2505 1138 2543 ab
1160 2508 1283 2543 initio
1306 2505 1497 2551 quidem,
1520 2504 1773 2593 Sextargem

1551 2568 1666 2603 quen
1701 2567 1772 2593 arn
