2164 3246
373 219 1031 261 PROGYMNASMATUM
1053 223 1360 263 SECUNDA
1382 225 1533 264 PARS
1713 227 1780 265 421

136 330 258 368 initia
280 327 441 366 Cancri
463 325 669 370 versatur,
694 329 910 366 maiorem
935 340 1147 377 apparere
1172 330 1224 368 30
1249 331 1408 369 Minut.
1435 332 1546 370 adeo
1568 338 1611 370 vt
1637 335 1781 380 potius

78 391 99 424 ·1·
134 380 324 431 paucula
340 379 547 428 quaedam
562 379 752 418 secunda
770 380 1072 429 saepenumero
1087 383 1142 421 ad
1154 384 1318 432 dimidij
1335 384 1512 423 Gradus
1530 386 1779 433 completio-

135 446 237 474 nem
264 439 368 472 tunc
397 432 628 472 defiderari
653 435 1060 474 animaduerterim:
1093 436 1222 475 Circa
1247 438 1489 486 Perigaeum
1515 451 1618 477 vero
1644 451 1779 487 prope

134 490 256 528 initia
272 487 533 535 Capricorni
552 486 604 524 32
620 486 781 525 Minut.
801 487 877 526 sua
892 488 1043 527 vifibili
1064 492 1365 538 magnitudine
1386 493 1687 539 permodicum
1709 505 1778 531 ex-

81 556 98 583 5
133 541 297 586 cedere,
313 545 587 589 compertum
602 539 764 585 habeo;
784 541 847 579 Ita
863 548 905 579 vt
923 541 961 579 8(
977 542 1047 580 hic
1064 545 1136 581 vix
1152 544 1342 591 paucula
1358 544 1562 592 supersint
1579 545 1779 593 scrupula

132 594 332 634 secunda.
361 593 500 632 Paulo
524 604 630 631 vero
660 594 750 642 post
774 600 1007 643 vtrumque
1033 596 1376 644 AEquinoctium,
1408 610 1507 636 cum
1533 598 1607 637 Sol
1634 600 1779 638 media

133 650 372 698 quantitate
395 646 535 685 oculis
559 646 643 685 sese
669 649 835 696 ingerit,
862 648 902 686 31
926 649 1085 687 Minut.
1110 656 1395 698 apparentem
1417 652 1777 699 magnitudinem,

132 713 267 751 quam
290 702 490 750 proxime
515 700 735 748 complere
761 701 984 740 adinueni.
1012 703 1143 750 Quod
1166 704 1203 741 &
1227 704 1372 742 media
1394 707 1562 743 ratione
1585 705 1624 743 se
1649 705 1779 744 habet

131 757 242 795 inter
256 756 499 793 maximam
515 759 647 802 atque
659 756 892 794 minimam
904 758 997 794 eius
1008 756 1217 795 visibilem
1230 760 1529 805 quantitatem,
1547 770 1634 806 qua
1647 761 1777 796 etiam

65 822 96 849 10
131 814 303 848 vtemur
313 819 393 856 pro
405 809 499 846 eius
510 818 617 846 vera
627 809 930 856 magnitudine
942 810 1281 858 peruestiganda.
1300 811 1393 849 Nec
1405 823 1642 855 moramur,
1660 812 1777 859 quod

132 862 416 911 Copernicus,
437 861 666 909 postquam
686 861 762 900 suo
784 862 978 910 quodam
998 864 1131 902 modo
1151 864 1374 902 Ptolemaei
1395 867 1440 902 in
1461 865 1529 902 his
1550 865 1711 903 Placita
1731 865 1778 903 li-

130 915 319 960 mitasset‚
336 914 485 954 Solem
495 915 746 963 Apogaeum
763 915 923 954 Minut.
941 916 994 954 31.
1013 916 1196 955 Secund.
1214 918 1281 955 40:
1300 918 1541 966 Perigaeum
1556 918 1714 956 Minut.
1728 919 1778 956 34

75 974 96 1006 τ·
131 968 283 1009 ferme:
299 968 338 1007 8(
354 968 665 1007 intermedium
681 969 842 1007 Minut.
860 969 929 1009 32}
949 970 1257 1018 repraesentare
1274 973 1522 1009 autumarit.
1546 971 1640 1009 Nos
1660 974 1778 1009 enim

43 1030 108 1063 472
131 1022 186 1062 ob
201 1022 332 1061 vllius
347 1021 660 1061 authoritatem
676 1022 731 1060 ab
747 1022 837 1070 ipsa
853 1023 1040 1061 senfibus
1057 1026 1304 1062 incurrente
1322 1021 1336 1074 ΙΙ
1353 1024 1643 1072 Experientia‚
1665 1037 1777 1063 rece-

64 1090 95 1116 15
131 1076 232 1115 dere
247 1077 429 1114 minime
446 1075 692 1114 consultum
709 1076 927 1120 ducimus;
949 1082 992 1114 vt
1008 1082 1050 1114 vt
1066 1077 1442 1125 Alphonfinorum
1458 1079 1777 1125 Assumptiones

131 1129 413 1178 Copemiceis
436 1140 572 1177 quam
594 1131 794 1177 proxime
818 1130 1112 1178 astipulentur,
1137 1130 1174 1168 8(
1197 1137 1365 1169 neutrae
1389 1131 1547 1169 harum
1571 1132 1624 1169 ab
1648 1131 1777 1179 ipfius

129 1182 354 1222 Ptolemaei
365 1182 550 1227 Placitis‚
562 1187 790 1231 tantopere
802 1183 921 1221 velut
932 1186 1120 1231 propriae
1133 1184 1447 1227 denotationes,
1465 1185 1775 1232 digrediantur:

130 1248 184 1276 ex
203 1247 292 1285 quo
312 1235 488 1275 visibilis
508 1236 720 1275 diameter
737 1236 849 1275 Solis
870 1237 988 1284 apud
1008 1237 1106 1275 illos
1127 1249 1280 1275 omnes
1301 1238 1461 1285 vbique
1482 1238 1615 1285 paulo
1637 1240 1778 1276 maior

129 1289 503 1339 praesupponatur,
529 1301 666 1338 quam
691 1290 833 1329 nostra
858 1290 966 1329 ferat
992 1293 1368 1338 experimentatio:
1396 1303 1495 1329 curn
1521 1303 1608 1338 qua
1633 1294 1777 1338 potius

60 1357 94 1384 κο
129 1343 328 1383 standum
350 1343 584 1388 censentes,
608 1343 768 1388 Solem,
791 1344 863 1382 vbi
886 1344 1032 1382 medio
1053 1344 1186 1382 modo
1207 1356 1233 1382 a
1253 1344 1397 1382 Terris
1421 1345 1648 1392 elongatur
1668 1345 1777 1382 vltra

129 1396 170 1436 31
186 1396 347 1436 Minut.
363 1396 440 1436 sua
455 1396 609 1436 visibili
626 1396 856 1435 Diametro
873 1409 964 1435 non
980 1398 1211 1445 complere,
1229 1398 1530 1436 asseueramus.

181 1450 442 1490 Distantiam
457 1462 563 1489 vero
580 1452 675 1489 eius
691 1462 718 1489 a
733 1450 881 1495 Terra,
899 1463 1034 1499 quam
1051 1451 1323 1499 Copernicus
1339 1457 1441 1489 tunc
1459 1452 1534 1489 esse
1551 1451 1688 1488 voluit
1705 1451 1775 1490 Se-

128 1504 506 1543 midiametrorum
527 1504 614 1542 1142
637 1504 744 1552 (qua
765 1506 897 1543 etiam
917 1516 998 1542 nos
1019 1510 1062 1542 vt
1083 1505 1322 1552 plurimum
1343 1507 1388 1542 in
1409 1504 1775 1548 antecedentibus,

127 1556 258 1597 ficubi
269 1569 381 1607 opus
393 1563 497 1602 erat,
513 1557 573 1596 vfi
583 1557 744 1603 sumus,
762 1570 863 1596 cum
874 1570 1032 1606 parum
1044 1558 1168 1596 subfit
1179 1570 1205 1596 a
1217 1569 1321 1596 vero
1333 1557 1587 1596 discriminis
1597 1557 1621 1604 :)
1639 1558 1775 1595 Ptole-

59 1624 92 1651 25
127 1622 267 1650 maeus
282 1616 432 1650 autem
447 1611 677 1660 aliquanto
694 1614 921 1656 maiorem,
939 1623 1097 1659 nempe
1114 1612 1168 1649 ad
1181 1612 1265 1649 1165
1283 1611 1609 1653 excrescentem,
1627 1611 1773 1649 consti-

71 1668 92 1700 ·1·
126 1666 219 1710 tuit,
235 1665 424 1704 eandem
435 1664 562 1704 nobis
573 1664 768 1703 hocloco
780 1665 865 1704 1150
877 1665 1213 1713 praesupponere
1226 1665 1377 1712 placet,
1394 1670 1539 1712 vtpote
1552 1664 1775 1702 Ptolemaei

127 1717 166 1757 8(
175 1717 410 1767 Copernici
421 1721 666 1757 remotione
677 1719 797 1767 quafi
808 1719 1127 1762 intermediam,
1141 1718 1195 1756 ad
1206 1718 1320 1756 hanc
1330 1724 1477 1756 tamen
1487 1720 1631 1765 potius
1642 1730 1775 1765 quam

127 1771 522 1821 illamvergentem;
532 1774 658 1811 cuius
665 1773 976 1820 Assumptionis
986 1772 1088 1810 alibi
1098 1774 1289 1810 rationes
1299 1771 1476 1809 reddere
1488 1772 1774 1810 decreuimus.

127 1824 174 1864 Id
194 1827 313 1864 enim
332 1825 404 1864 hic
423 1831 515 1865 tarn
535 1828 667 1864 nimis
687 1826 958 1874 perplexum,
981 1837 1115 1873 quam
1136 1825 1357 1873 prolixum
1378 1824 1497 1862 foret.
1521 1825 1570 1862 Et
1591 1831 1703 1862 certe
1720 1825 1774 1862 ad

58 1891 92 1918 ³0
127 1877 242 1918 hanc
257 1879 585 1928 elongationem
600 1891 680 1928 pro
696 1882 866 1918 veriore
883 1878 1244 1926 amplectendam,
1263 1879 1379 1924 (cum
1397 1878 1434 1915 &
1452 1877 1774 1916 Obseruationi-

126 1931 207 1972 bus
227 1933 379 1972 nostris
399 1935 444 1972 in
463 1933 701 1982 Eclipfibus
722 1939 923 1972 accurate
945 1931 1066 1971 factis
1087 1932 1125 1970 8(
1146 1932 1479 1970 demonstratiue
1501 1933 1773 1973 examinatis,

127 1997 261 2034 quam
279 1989 480 2035 proxime
500 1986 756 2033 consentiat)
778 1998 849 2025 me
866 1986 975 2025 alias
992 1986 1111 2024 haud
1129 1988 1317 2023 inuitum
1334 1985 1418 2023 suis
1436 1984 1692 2032 quibusdam
1710 1996 1773 2022 ra-

127 2041 326 2089 tiociniJs‚
348 2052 371 2079 e
391 2040 641 2090 symmetria
657 2040 996 2078 Mundanorum
1018 2051 1250 2087 corporum
1273 2038 1310 2076 8(
1331 2038 1683 2086 magnitudinum
1704 2038 1773 2075 de-

126 2095 349 2142 promptiS,
371 2105 550 2142 vnaque
573 2105 862 2132 numerorum
888 2093 1096 2141 mysterijs
1122 2092 1348 2140 adaptatis,
1375 2093 1578 2129 inuitauit
1604 2091 1774 2129 libellus

57 2157 91 2184 ³⁵
127 2147 308 2195 quidam
321 2147 381 2186 Io.
394 2147 550 2186 Franci
563 2147 714 2196 Offufij
731 2147 946 2186 Germani
963 2147 1015 2185 de
1028 2146 1196 2184 Diuina
1208 2145 1433 2183 Astrorum
1450 2145 1651 2183 facultate
1669 2145 1773 2182 olim

70 2202 91 2234 Ἰ·
127 2199 278 2239 editus.
295 2200 386 2240 Illic
398 2203 530 2246 enim,
547 2201 653 2240 dum
666 2201 885 2239 distantias
898 2211 1133 2247 corporum
1146 2198 1394 2238 Caelestium
1406 2211 1431 2236 a
1443 2198 1587 2236 Terris
1600 2198 1773 2235 harmo-

126 2255 222 2292 nice
237 2253 276 2292 &
290 2255 678 2303 proportionaliter
697 2254 773 2292 suo
795 2254 1001 2302 quodam,
1024 2265 1114 2291 non
1135 2253 1295 2300 vbique
1317 2252 1619 2299 improbando.
1641 2251 1773 2288 modo

126 2308 320 2353 rimatur,
341 2307 490 2347 Solem
505 2309 641 2348 abesse
658 2320 685 2347 a
700 2308 845 2346 Terris
861 2308 939 2346 576
956 2309 1130 2355 integris
1147 2306 1295 2344 Terrae
1315 2306 1548 2346 diametris.
1571 2304 1688 2343 haud
1711 2307 1772 2342 in—

126 2359 223 2399 seite
242 2363 540 2401 ratiocinatur.
564 2362 700 2410 quue
722 2373 822 2400 earn
843 2360 1079 2408 praesertim
1100 2360 1154 2398 ob
1177 2360 1373 2400 caussam.
1396 2366 1438 2396 vt
1459 2359 1626 2397 sacrum
1651 2358 1773 2395 illum

57 2424 92 2451 ⁴0
126 2425 362 2454 numerum
377 2427 405 2454 a
421 2415 703 2465 Pythagoreis
716 2415 753 2453 8(
766 2415 999 2453 Platonicis
1016 2414 1125 2452 aliAs
1142 2413 1417 2451 celebratum.
1437 2412 1538 2450 huic
1555 2411 1772 2449 mensura-

126 2468 234 2506 tiom'
254 2469 485 2508 commode
506 2469 698 2517 adaptet:
720 2480 820 2507 cum
842 2479 918 2516 per
938 2468 977 2505 se
994 2469 1279 2515 Apparentiae
1302 2468 1345 2503 in
1367 2472 1487 2503 motu
1507 2465 1660 2507 Solari,
1682 2471 1772 2501 tum

126 2522 257 2560 etiam
273 2533 351 2567 eae,
368 2534 469 2570 quae
486 2524 532 2561 in
544 2522 780 2571 Eclipfibus
792 2522 999 2562 visuntur.
1017 2521 1119 2558 huic
1136 2520 1426 2557 constitutioni
1444 2519 1692 2608 nullaltenus
1711 2529 1770 2554 rc-

1536 2583 1555 2608 c
1576 2578 1769 2608 amitent:
