2164 3246
31 812 61 838 10

18 1077 68 1110 03

30 1879 64 1906 30

32 2147 65 2173 35

33 2413 68 2440 40

393 214 1052 253 PROGYMNASMATUM
1075 217 1277 254 PRIMA
1299 217 1449 255 PARS
1696 218 1746 256 99

97 324 143 361 in
159 321 268 370 alijs‚
284 326 379 359 tum
394 319 632 368 praesertim
644 320 775 357 Motu
792 319 829 357 8(
846 324 1129 370 apparentijs:
1148 322 1185 359 8(
1202 323 1374 370 insuper
1390 323 1630 370 plurimum
1647 335 1746 361 con-

98 376 238 419 ducat,
262 376 357 413 eius
379 375 598 411 motiones
620 373 676 411 ad
699 374 895 411 amussim
918 374 1158 422 perspectas
1181 375 1355 420 habere,
1383 388 1528 424 operae
1551 378 1747 424 precium

97 440 168 467 me
183 427 400 467 faeturum
416 426 671 471 existimaui,
688 426 718 464 fi
733 426 915 464 breuem
932 427 969 465 8(
985 428 1244 467 succinctam
1260 430 1462 467 curriculi
1479 430 1665 467 Lunaris
1684 441 1746 467 re-

96 482 360 520 stitutionem
376 480 479 518 huic
495 481 625 527 capiti
641 479 694 517 de
709 479 823 523 Sole,
840 492 866 518 a
883 492 971 527 quo
989 484 1120 519 etiam
1136 482 1362 529 dependet,
1382 483 1632 530 appendicis
1649 483 1746 521 loco

96 535 418 583 subiungerem;
428 533 657 581 postquam
665 533 908 571 multorum
918 546 1140 572 annorum
1150 538 1362 573 accuratis
1373 536 1747 574 obseruationibus

96 589 195 627 satis
212 588 489 636 exploratum
505 586 750 630 habuerim,
768 588 863 624 eius
879 589 925 624 in
942 588 1071 626 Coelo
1088 588 1386 636 phaenomena
1402 601 1493 626 non
1510 600 1746 637 congruere

96 641 406 692 hypothesibus
422 639 634 679 haetenus
651 639 899 684 constitutis,
916 640 1003 678 siue
1020 641 1307 685 Ptolemaicis‚
1329 641 1415 679 fiue
1433 642 1746 688 Copernicaeis;

97 701 228 743 atque
244 696 440 733 numeris
456 693 559 732 hinc
575 693 979 741 quomodocunque
997 694 1220 732 deriuatis:
1243 695 1374 742 idque
1395 707 1485 732 non
1504 702 1673 732 tantum
1689 696 1746 733 se-

97 749 292 788 cundum
303 747 655 796 Longitudinem‚
672 746 743 784 sed
755 746 793 784 &
806 747 1113 785 Latitudinem.
1132 748 1181 785 In
1198 747 1265 786 his
1278 750 1396 785 enim
1408 748 1597 795 utrisque
1609 749 1746 786 multo

96 804 239 841 maior
254 803 479 840 inuenitur
495 800 808 848 inaequalitatis
825 803 1076 848 apparentis
1092 801 1331 849 implicatio
1344 801 1381 838 8(
1394 804 1596 845 uarietas,
1615 813 1747 848 quarn

96 854 308 895 haetenus
330 866 358 893 a
380 865 609 902 quoquam
634 853 992 892 animaduersum
1018 854 1084 892 est.
1115 854 1247 901 Quod
1272 866 1364 892 non
1388 854 1537 892 saltem
1563 855 1748 902 Eclipses

96 909 211 948 ultra
232 910 447 957 integram
469 907 629 946 horam
650 907 954 955 saepenumero
979 908 1206 946 consuetos
1230 919 1422 946 canones
1439 908 1662 946 eludentes
1686 908 1748 954 (ut

96 962 150 1002 de
166 961 410 1001 earundem
424 961 739 1009 magnitudine,
757 960 882 999 aliter
897 961 1077 999 subinde
1093 961 1177 999 sese
1195 961 1439 1005 exhibente,
1461 961 1571 999 nihil
1588 961 1747 1007 dicam)

96 1016 167 1055 sed
178 1015 217 1054 8(
227 1017 419 1054 maiores
431 1014 576 1054 adhuc
587 1016 634 1052 in
645 1014 743 1062 alijs
756 1014 862 1052 locis
874 1015 1114 1053 incidentes
1127 1014 1511 1053 disconuenientiae
1525 1015 1749 1052 euidenter

96 1069 314 1114 testantur,
330 1068 469 1107 ueluti
484 1068 581 1107 haec
593 1067 632 1106 8(
643 1067 733 1106 alia
748 1079 802 1106 ex
818 1067 961 1106 nostra
977 1068 1253 1112 restitutione,
1271 1068 1345 1106 ubi
1362 1080 1461 1106 cum
1476 1068 1564 1115 ipso
1580 1065 1594 1118 ΙΙ
1608 1068 1748 1112 Coelo,

97 1123 376 1170 aliorumque
399 1121 578 1160 calculis
601 1121 761 1160 collata
783 1121 923 1166 fuerit,
948 1122 1169 1169 patebunt.
1196 1122 1296 1159 Hoc
1319 1128 1467 1160 autem
1490 1122 1587 1159 loco
1610 1121 1749 1159 solum

96 1176 230 1215 modo
253 1188 318 1221 ea,
344 1187 445 1224 quae
469 1175 556 1213 huc
578 1176 801 1223 praecipue
824 1175 1088 1219 conducunt,
1113 1175 1151 1213 &
1173 1177 1365 1213 maxime
1389 1175 1619 1213 necessaria
1641 1174 1747 1217 sunt,

97 1241 233 1278 quam
251 1229 493 1268 breuissime
515 1231 739 1277 attingam,
760 1228 1011 1267 uberiorem
1032 1229 1084 1267 de
1104 1231 1133 1274 (ζ
1157 1240 1334 1276 quoque
1350 1227 1652 1266 tractationem
1672 1227 1748 1266 suo

96 1288 306 1332 tempore,
331 1282 510 1321 uolente
532 1282 744 1327 Numine,
771 1282 1056 1320 exhibiturus.
1083 1282 1310 1320 Praemissae
1335 1284 1462 1330 igitur
1487 1281 1748 1328 praecedenti

97 1339 258 1386 pagina
273 1336 601 1375 obseruationes
617 1335 786 1384 aliquot
803 1335 1036 1384 Eclipfium
1052 1348 1079 1374 a
1094 1347 1164 1373 me
1180 1338 1294 1374 intra
1310 1347 1451 1373 annos
1468 1335 1530 1379 27,
1553 1336 1640 1382 qua
1656 1334 1749 1372 fieri

96 1392 237 1439 potuit
252 1390 487 1439 diligentia,
503 1388 641 1434 faCtae,
658 1389 818 1437 quibus
835 1390 1022 1428 Lunaris
1038 1391 1246 1427 motionis
1258 1391 1368 1427 ratio
1380 1391 1538 1427 maiori
1551 1400 1603 1426 ex
1616 1394 1748 1436 parte,

98 1443 137 1483 8(
153 1455 242 1492 quo
258 1443 314 1483 ad
330 1443 655 1492 principaliora,
673 1444 884 1481 innititur.
1398 1461 1405 1467 ·

151 1497 215 1536 Ex
225 1502 287 1536 tot
299 1496 548 1545 Eclipfibus,
566 1508 711 1544 neque
728 1498 847 1535 enim
861 1502 946 1535 tres
958 1497 1156 1535 Lunares
1171 1495 1400 1539 sufficiunt,
1418 1501 1463 1533 ut
1480 1506 1634 1533 omnes
1650 1494 1749 1532 hac-

97 1556 224 1590 tenus
236 1550 534 1590 existimarunt
545 1549 744 1594 artifices,
758 1550 897 1588 Lunae
907 1550 1118 1598 simplices
1128 1556 1285 1593 motus,
1299 1551 1479 1596 eiusque
1490 1550 1677 1596 primam
1687 1550 1749 1585 in-

98 1604 396 1653 aequalitatem
407 1604 464 1643 ad
475 1604 672 1642 amussim
688 1603 962 1648 restituimus,
979 1603 1183 1642 adhibitis
1199 1602 1384 1650 insuper,
1402 1602 1475 1640 ubi
1488 1613 1598 1649 opus
1610 1601 1749 1644 fuerit,

98 1655 1749 1705 aliarumobseruationumrequifitis,undetaJesmotusfimplicesdiurniinde

98 1723 126 1751 a
140 1711 370 1750 Ptolomaei
386 1710 568 1759 Epocha
586 1711 820 1750 collatione
838 1723 938 1749 cum
955 1710 1106 1749 nostris
1122 1712 1314 1748 inuentis
1330 1708 1453 1753 fadia,
1470 1710 1749 1756 proueniunt.

498 1776 526 1803 S.
570 1777 597 1802 P.
693 1776 699 1795 f
989 1777 1027 1801 IV
1107 1776 1130 1800 V
1200 1776 1238 1800 VI
1300 1775 1354 1800 V11
1403 1774 1471 1799 v111
1519 1774 1557 1799 lx
1633 1773 1656 1798 Χ

99 1818 422 1867 Longit.))aG)
565 1818 606 1856 12
681 1819 713 1856 11
769 1818 821 1856 26
886 1819 927 1856 41
983 1818 1034 1856 32
1116 1817 1141 1855 O
1197 1816 1247 1854 27
1313 1816 1352 1854 13
1435 1815 1460 1853 Ο
1515 1815 1566 1852 40
1621 1814 1671 1852 35

205 1871 459 1910 Anomaliae
562 1872 603 1910 13
685 1872 710 1910 3
766 1872 816 1910 53
873 1871 925 1910 56
980 1871 1032 1909 20
1096 1871 1137 1908 41
1203 1871 1243 1907 41
1309 1870 1350 1908 51
1407 1869 1456 1907 25
1523 1869 1562 1906 15
1619 1867 1670 1905 32

206 1925 440 1964 Latitudin.
562 1925 603 1964 13
670 1925 710 1964 13
767 1926 818 1964 45
875 1925 926 1963 39
990 1925 1032 1963 31
1089 1924 1138 1962 33
1231 1924 1245 1961 l
1302 1922 1352 1961 58
1417 1922 1458 1959 12
1514 1921 1564 1959 49
1621 1920 1672 1958 56

99 1979 292 2018 Annuus
308 1978 475 2027 Longit.
501 1979 526 2017 4
582 1979 606 2017 9
661 1979 713 2017 37
769 1979 820 2017 22
876 1979 927 2017 39
983 1978 1033 2016 43

205 2032 414 2071 Anomal.
502 2032 527 2070 2
556 2032 607 2071 28
663 2032 713 2071 43
797 2032 820 2070 7
876 2032 926 2070 45
983 2032 1034 2069 54

207 2086 393 2124 Latitud.
503 2086 527 2124 4
556 2086 608 2124 28
663 2086 714 2124 42
770 2086 821 2124 45
877 2085 929 2123 26
984 2085 1035 2123 56

154 2139 219 2178 Ex
241 2139 310 2178 his
333 2139 526 2187 Epochae
546 2138 703 2178 Christi
726 2145 840 2177 retro
864 2143 1108 2177 numeratae
1131 2138 1416 2175 inveniuntur
1439 2135 1494 2173 ad
1518 2133 1752 2172 Meridiem

101 2194 231 2240 primi
246 2192 454 2241 Ianuarij.

207 2245 437 2294 Longitud.
583 2246 606 2284 7
690 2246 714 2284 6
779 2246 821 2283 14
876 2245 927 2283 57

207 2299 416 2338 Anomal.
582 2299 606 2338 7
689 2300 713 2337 4
769 2298 820 2337 22
876 2298 928 2337 56

208 2352 394 2392 Latitud.
582 2353 606 2391 7
671 2352 714 2390 16
769 2352 821 2390 50
876 2351 927 2389 42

103 2405 222 2445 Hinc
238 2408 383 2445 caeteri
398 2408 573 2445 numeri
589 2405 734 2454 postea
750 2407 796 2443 in
812 2404 1022 2444 Canones
1039 2403 1162 2442 relati
1179 2401 1400 2450 compofiti
1417 2401 1524 2438 sunt.
1543 2396 1557 2449 ΙΙ

213 2574 259 2600 13·
1384 2557 1751 2597 HYPOTHESIS
