2243 3225
416 211 492 248 346
789 205 1242 245 ASTRONOMIAE
1263 202 1684 242 INSTAURATAE

415 316 541 353 clauo
558 313 697 351 ferreo
714 311 885 356 affixus,
902 311 1232 349 sustentantibus
1243 321 1332 348 vna
1348 309 1520 347 duobus
1537 308 1762 356 capreolis,
1779 308 1914 356 paulo
1929 308 2058 357 supra

413 368 612 405 foramen
635 366 680 403 H
704 365 931 412 adaptatis,
958 376 1060 402 eum
1085 374 1262 411 quoque
1288 365 1333 400 in
1358 362 1493 407 Vsum,
1519 367 1562 400 vt
1588 361 1892 408 Quadrantem
1917 362 2057 409 ipsum

413 421 517 458 dum
534 416 847 468 at-Htolleretur‚
864 417 1266 464 deprimereturque
1278 415 1333 454 ad
1346 415 1618 454 Columnam
1629 413 1788 453 arctius
1801 415 2056 463 constringe-
2080 422 2144 455 358

412 479 521 515 rent;
538 475 598 510 ita
609 477 653 509 vt
664 482 929 518 quocunque
941 472 986 507 in
1000 470 1097 507 loco
1111 469 1290 513 luberet,
1308 468 1595 506 cohiberetur.
1613 467 1707 516 Ipsa
1717 479 1823 506 vero
1835 468 2056 514 columna,

411 525 605 563 inferiori
620 524 696 562 sua
712 530 844 572 parte,
866 526 912 561 in
927 523 1207 561 subterranea
1223 522 1417 569 quadam
1433 520 1656 560 structura
1672 521 1727 559 ad
1742 520 1932 560 formam
1948 523 2055 566 eius,
2093 535 2109 560 5

411 590 510 626 quae
527 577 858 625 repraesentatur
874 588 950 623 per
966 575 1123 614 SPYX
1139 575 1320 613 firmiter
1335 574 1533 622 dispofita
1549 574 1966 619 circumducebatur,
1983 574 2055 613 be-

410 631 566 669 neficio
583 631 929 673 manubriorum,
953 629 1043 667 ON
1061 628 1098 666 &
1115 628 1209 675 QL‚
1225 639 1402 676 vnaque
1418 627 1563 666 secum
1580 627 1886 675 Quadrantem
1901 630 1947 666 in
1963 639 2055 666 om-

409 696 511 722 nem
528 684 644 723 Coeli
659 684 833 731 plagam
849 681 1195 725 circumferebam
1217 682 1349 729 idque
1371 681 1613 720 admodum
1630 681 1764 719 libere
1780 683 2055 729 minimoque

408 740 593 786 negotio.
616 737 840 784 Siquidem
861 735 1015 773 infima
1035 735 1255 773 columnae
1276 746 1377 782 pars
1398 737 1651 773 acuminata
1671 740 1802 782 atque
1822 740 1934 773 teres
1951 740 2054 780 erat,

407 790 612 829 foramini
627 789 845 828 conoidali
858 791 979 827 iuxta
991 788 1031 826 K
1042 788 1244 833 insistens,
1261 795 1352 827 tam
1362 788 1594 827 matricula
1606 789 1741 836 quam
1753 787 1925 836 cuspide
1937 787 2054 827 Cha·
2095 801 2125 827 ιο

407 844 555 892 lybeis,
586 855 640 881 ne
666 843 790 881 facile
816 848 1115 886 attererentur,
1140 841 1259 880 velut
1284 841 1380 880 haec
1406 844 1557 880 omnia
1582 853 1636 880 ex
1659 841 1750 889 ipsa
1774 841 2054 889 Figuratione

406 899 618 944 promtius
642 898 959 943 concipiuntur,
986 907 1121 942 quam
1144 895 1275 943 longa
1297 895 1534 933 verborum
1557 895 1782 933 relatione.
1809 894 2053 943 Intelligen-

407 951 511 988 dum
528 956 675 988 autem
691 955 830 987 totum
845 949 901 993 id,
921 949 1040 996 quod
1056 948 1190 996 paulo
1206 948 1321 987 infra
1336 949 1572 987 manubria
1586 946 1799 996 spectatur
1815 950 2054 997 crypticum

405 1003 532 1047 fu1sse,
551 1003 588 1041 &
604 1002 776 1050 prorsus
788 1002 862 1040 sub
872 1002 1008 1040 Terra
1019 1001 1286 1046 absconsum,
1303 1001 1498 1050 saxisque
1510 1001 1717 1040 hincinde
1729 1001 2052 1047 confirmatum,

405 1063 447 1094 vt
463 1062 556 1094 tuto
573 1062 612 1094 et
628 1055 717 1094 fixo
734 1058 991 1093 inniteretur
1002 1055 1218 1094 Machina
1234 1055 1536 1094 fundamento.
1553 1056 1700 1103 Atque
1716 1054 1812 1094 haec
1829 1060 1921 1094 erat
1933 1054 2052 1102 Qua·
2093 1067 2122 1093 15

405 1110 569 1148 drantis
585 1109 701 1147 illius
717 1109 927 1147 vastissimi
942 1108 1162 1148 structura.

457 1162 565 1201 Vsus
582 1165 675 1200 eius
691 1162 869 1210 reliquis
885 1162 1130 1200 minoribus
1145 1174 1237 1200 non
1254 1162 1470 1206 dissimilis,
1491 1161 1569 1200 nifi
1585 1162 1703 1210 quod
1720 1162 1776 1200 ob
1792 1162 2052 1210 magnitudi-

404 1227 506 1254 nem
520 1216 641 1254 suam
653 1215 787 1254 scalas
800 1215 1010 1264 quasdam
1023 1215 1231 1254 Erismate
1243 1215 1385 1261 fultas,
1403 1215 1638 1264 portatiles‚
1656 1215 1815 1263 quibus
1826 1216 1882 1254 ad
1894 1215 2051 1254 Pinna-

404 1269 565 1307 cidium
590 1271 784 1308 anterius
810 1269 1119 1308 collimationis
1144 1269 1273 1308 causa
1298 1269 1622 1314 ascendebatur,
1648 1268 1886 1317 praesertim
1910 1271 1956 1307 in
1980 1269 2051 1307 de-

403 1323 655 1361 cliuioribus
671 1322 987 1361 Altitudinibus
1004 1323 1303 1367 demetiendis‚
1320 1323 1585 1371 requirebat:
1607 1322 1788 1361 Sublato
1808 1324 1956 1370 itaque
1976 1327 2051 1361 aut
2088 1334 2122 1360 20

403 1377 589 1424 depresso
611 1376 911 1421 Instrumento,
936 1376 1075 1414 donec
1096 1388 1172 1424 per
1192 1376 1394 1415 foramen
1415 1376 1633 1415 inferioris
1654 1376 1895 1424 Pinnacidij
1919 1375 2052 1414 Stella

402 1430 550 1477 aliqua
573 1432 694 1468 iuxta
718 1430 950 1478 superioris
973 1430 1253 1468 Diametrum
1276 1430 1332 1468 ad
1355 1431 1551 1468 amussim
1577 1429 1932 1478 conspiciebatur,
1957 1441 2051 1477 per-

400 1483 683 1530 pendiculum
703 1485 748 1521 in
770 1483 1119 1522 circumferentia
1135 1483 1406 1531 Quadrantis
1425 1484 1611 1532 gradum
1631 1483 1669 1521 &
1689 1485 1923 1528 minutum,
1945 1482 2050 1521 eius-

401 1537 587 1584 demque
609 1537 852 1584 aliquotam
872 1542 1042 1585 partem
1057 1537 1291 1576 Altitudini
1313 1540 1514 1585 expetitae
1535 1536 1958 1585 correspondentem,
1979 1536 2050 1575 de-

400 1590 589 1628 notabat.
2086 1601 2119 1627 25

453 1643 600 1682 Stabat
616 1655 720 1682 vero
735 1643 950 1682 Machina
965 1643 1061 1683 haec
1078 1644 1153 1683 sub
1170 1644 1256 1688 dio,
1274 1656 1374 1682 cum
1390 1650 1512 1683 tanta
1528 1645 1634 1688 esset‚
1651 1650 1694 1682 vt
1710 1655 1801 1682 non
1818 1642 2049 1682 commode

399 1696 507 1735 tecto
529 1697 678 1744 aliquo
699 1697 1005 1742 includeretur,
1028 1697 1105 1736 nifi
1125 1696 1374 1745 prospeetus
1395 1704 1526 1746 atque
1544 1697 1874 1736 Obseruationis
1892 1707 2049 1745 oppor-

399 1753 560 1788 tunitas
580 1762 667 1789 vna
692 1751 988 1798 impediretur,
1014 1758 1089 1790 aut
1111 1748 1365 1801 diffi-sscilior
1390 1752 1654 1790 redderetur.
1680 1752 1890 1789 Attamen
1910 1750 1965 1788 ab
1986 1752 2049 1788 in·
2073 1755 2136 1788 359

399 1805 511 1841 iuria
528 1805 654 1842 Aeris
671 1810 801 1852 atque
819 1805 1037 1848 imbrium.
1060 1804 1320 1852 quibusdam
1337 1804 1541 1853 appofitis
1556 1805 1829 1853 tegumentis,
1851 1815 1952 1852 quae
1971 1815 2047 1842 au-

398 1856 498 1894 ferri
515 1859 624 1895 inter
642 1857 978 1896 Obseruandum
994 1859 1166 1906 possent‚
1188 1859 1482 1897 muniebatur.
1500 1858 1668 1897 Accidit
1684 1857 1987 1901 nihilominus,
2003 1862 2047 1895 vt
2084 1869 2118 1895 30

399 1922 497 1947 cum
516 1922 591 1958 per
608 1913 824 1959 integrum
841 1911 1211 1959 Quinquennium
1232 1912 1318 1950 illic
1339 1912 1485 1955 illaesa,
1507 1910 1778 1959 infractaque
1799 1910 2046 1953 constitisset,

398 1964 573 2001 tandem
584 1964 917 2011 superueniente
929 1967 1092 2013 ingenti
1103 1965 1386 2013 Tempestate.
1403 1965 1537 2013 plano
1550 1967 1644 2004 eius
1655 1965 1764 2003 forte
1776 1964 1906 2002 Venti
1917 1963 2046 2002 vehe-

397 2020 572 2106 }nentiae
590 2029 642 2055 ex
659 2018 841 2056 aduerso
858 2018 1065 2066 oppofito,
1083 2022 1309 2057 corruerit:
1332 2019 1419 2057 fiue
1436 2019 1551 2063 dolo.
1571 2018 1644 2057 seu
1661 2019 1779 2066 quod
1795 2017 1871 2056 sua
1887 2019 1977 2056 iam
1993 2016 2046 2056 fic
2083 2025 2103 2056 ὴ

414 2076 485 2108 ata
501 2070 706 2109 ferebant.

450 2123 566 2162 Facit
587 2124 719 2162 huius
736 2125 901 2173 Organi
923 2128 1194 2164 mentionem
1215 2126 1524 2164 celeberrimus
1545 2125 1617 2164 ille
1636 2125 1765 2164 nostri
1781 2124 1886 2163 AEui
1902 2123 2045 2162 Philo·
2082 2135 2115 2162 35

396 2176 555 2223 sophus
572 2185 702 2225 atque
716 2178 875 2216 Orator
887 2179 1101 2218 PETRVS
1115 2179 1318 2218 RAMVS
1331 2182 1375 2218 in
1388 2179 1676 2227 disputatione
1689 2178 1883 2226 quadam
1894 2183 2046 2217 contra
2082 2184 2102 2216 †

397 2229 811 2273 SCHECCHIVM.
833 2239 924 2270 tum
943 2235 1074 2270 etiam
1090 2235 1135 2270 in
1152 2233 1251 2271 Vita
1269 2236 1362 2271 eius
1379 2233 1540 2271 alicubi
1556 2233 1609 2271 de
1626 2233 1710 2271 hoc
1727 2242 2044 2270 commemora-

396 2289 474 2320 tur.
498 2283 705 2322 Inuiserat
723 2287 840 2322 enim
857 2286 928 2324 ille
945 2297 1028 2328 me,
1045 2288 1132 2324 vna
1149 2298 1249 2324 cum
1267 2286 1618 2325 HIERONIMO
1635 2285 1922 2325 WOLPHIO
1938 2285 2044 2323 Viro

397 2336 601 2374 Eruditiss.
626 2337 663 2374 &
687 2338 738 2375 de
764 2339 915 2377 Literis
939 2346 1028 2377 tam
1051 2339 1232 2382 Graecis.
1257 2352 1391 2387 quam
1414 2340 1579 2378 Latinis
1602 2341 1769 2388 egregie
1792 2340 2043 2387 promerito.

395 2388 595 2437 singulari
614 2402 713 2428 meo
731 2392 899 2434 Amico,
918 2404 1017 2430 curn
1035 2393 1120 2430 illic
1136 2393 1340 2441 Augustae
1358 2405 1668 2436 commorarer,
1685 2393 1816 2440 idque
1834 2403 1887 2430 ex
1903 2393 2041 2440 inopi·
2079 2402 2113 2428 4ο

395 2449 510 2485 nato.
528 2445 706 2490 quando
719 2445 955 2483 Ciuitatem
971 2446 1091 2484 illam
1104 2449 1147 2484 in
1161 2447 1350 2484 Patriam
1368 2448 1597 2490 rediturus.
1615 2445 1909 2495 pertransibat.
1927 2445 2042 2484 Inui·

395 2498 468 2534 tati
486 2503 632 2534 autem
651 2497 772 2535 fimul
785 2499 810 2535 a
825 2498 1108 2537 Iol—{ANNE
1122 2500 1403 2539 BAPTISTA
1420 2499 1753 2539 HAINZELIO
1766 2499 2042 2599 Septemuggo

2018 2563 2041 2590 e
