2164 3246
540 207 1058 248 ANNOTATIONES
1079 210 1380 249 EDITORIS
1709 209 1784 247 453

181 315 212 346 5.
237 313 318 344 »Ait
333 322 375 344 se
391 315 501 345 certo
517 321 771 353 cognoscere,
794 314 899 353 quod
915 314 935 344 2
954 314 1202 348 Nouembris.
1220 315 1320 346 Anni
1340 315 1434 351 1572,
1456 315 1542 345 haec
1561 315 1675 345 Stella
1694 322 1786 345 non-

138 369 232 401 dum
258 366 496 407 apparuerit,
523 366 772 406 potissimum
799 376 846 398 ex
872 368 997 399 relatu
1020 369 1237 403 Pastorum.
1265 369 1448 408 quodque
1474 368 1555 407 ipse
1578 371 1662 398 turn
1686 367 1785 399 forte

139 420 348 455 ostendens
359 420 440 451 suis
452 419 661 459 Discipulis
673 419 883 451 Stellarum
895 421 1008 452 sedes
1021 422 1050 452 8ι
1062 422 1235 454 nomina.
1249 431 1338 453 eam
1351 430 1430 453 non
1442 420 1782 452 animaduerterit«

141 475 408 514 Hieronymus
426 473 642 507 Munosius.
660 473 853 505 Valentiae
869 474 1101 515 (Progymn.
1120 484 1155 514 p.
1173 475 1261 513 565).

182 527 213 560 6.
234 527 358 559 »Inter
372 529 527 559 sextam
543 526 686 559 horam
705 527 939 558 matutinam
956 528 1054 559 sexti
1071 528 1146 559 diei
1161 528 1397 559 Nouembris
1414 527 1583 567 primum
1601 535 1786 566 conspec-

139 585 201 614 tus
216 590 239 613 a
255 580 387 613 nobis«
406 580 665 620 Wolfgangus
681 580 905 618 Schulerus,
923 581 1219 621 Wittembergae
1235 581 1465 620 (Progymn.
1485 590 1519 620 p.
1537 580 1625 617 621).

183 636 213 667 7.
240 634 375 673 »Quod
396 642 467 674 ego
489 634 561 665 Die
581 634 600 665 7
623 633 873 669 Nouembris,
897 635 1029 666 statim
1052 635 1101 666 ab
1123 635 1222 666 hora
1243 634 1263 665 6
1284 635 1361 665 PM.
1385 634 1555 674 primum
1577 632 1783 672 conspexi«

140 689 279 721 Paulus
295 687 535 724 Hainzelius,
552 687 739 727 Augustae
756 687 1050 720 Vindelicorum
1067 688 1299 727 (Progymn.
1318 697 1352 727 p.
1371 687 1458 727 536).

184 742 215 774 8.
231 742 293 773 »A.
307 741 391 773 1572
400 741 477 772 den
486 742 505 772 7
516 740 615 772 Nov.
629 740 671 772 ist
683 749 748 772 am
762 741 924 772 himmel
936 742 997 772 ein
1009 750 1171 773 neuwer
1182 741 1323 781 grosser
1335 741 1502 772 heiterer
1516 740 1611 771 l'tern
1624 739 1786 779 gesehen

141 795 305 828 worden
316 794 632 831 quinterthur,
645 794 769 834 gleich
784 794 833 826 ob
847 795 937 826 dem
951 795 1073 826 haubt
1085 795 1314 834 Cassiopeae«
1331 793 1578 825 Bernhardus
1592 792 1788 823 Lindauer

140 848 398 891 (1520—1581)‚
415 848 605 880 sacerdos
617 847 888 879 Winterthurii
902 848 1105 883 Helvetiae,
1123 849 1161 879 in
1173 847 1369 879 chronicis
1383 856 1502 878 manu
1515 846 1667 885 scriptis
1679 846 1785 882 (Rud.

141 901 260 940 Wolf,
276 900 441 934 Astron.
459 900 739 933 Nachr1'chten
758 901 859 932 LXV
875 901 987 943 [1865]
1004 911 1039 941 p.
1056 902 1123 941 63).

185 955 216 988 9.
244 955 390 987 »Prima
411 963 548 987 mense
570 954 808 986 Nouembris
829 955 1101 987 hebdomada«
1127 955 1296 986 Michael
1320 953 1536 985 Maestlinus
1556 952 1786 991 (Progymn.

144 1019 179 1051 p.
195 1009 284 1051 544).

191 1062 240 1095 10.
265 1062 358 1094 »Die
377 1062 475 1094 erste
496 1062 778 1102 Entzfindunge
794 1061 915 1093 dieses
931 1062 1095 1093 Sternen
1117 1062 1154 1093 so
1177 1061 1395 1093 beschehen
1416 1060 1490 1091 den
1512 1059 1531 1089 8
1554 1058 1788 1090 Nouembris

144 1116 238 1149 vmb
254 1115 275 1148 8
289 1115 374 1147 Vhr
392 1115 497 1147 nach
515 1115 694 1156 Mittage«
715 1115 974 1147 Leonhardus
991 1115 1260 1154 Thurneysser
1279 1123 1371 1145 zum
1387 1113 1529 1149 Thurn,
1552 1111 1716 1143 Berolini
1737 1110 1788 1146 (in

145 1170 285 1203 charta
301 1169 583 1206 astronomica,
604 1178 725 1209 quarn
743 1168 859 1200 affert
877 1168 1098 1208 Catalogue
1116 1167 1163 1199 of
1173 1168 1238 1199 the
1257 1167 1332 1199 Cra
1341 1165 1464 1198 wford
1481 1165 1651 1204 Library
1666 1163 1713 1195 of
1723 1163 1788 1194 the

145 1224 280 1265 Royal
296 1222 586 1263 Observatory,
605 1221 841 1262 Edinburgh
860 1222 1081 1264 [Edinburgi
1100 1221 1196 1263 1890]
1213 1231 1247 1261 p.
1265 1221 1389 1259 445b);
1408 1219 1456 1251 cf.
1475 1228 1593 1258 supra
1610 1226 1715 1249 num.
1733 1217 1763 1247 3.

192 1277 242 1309 ll.
266 1277 339 1309 Die
358 1276 379 1309 8
399 1276 648 1309 Novembris.
677 1275 811 1307 »Hanc
835 1284 906 1316 ego
930 1276 1084 1306 stellam
1108 1276 1145 1306 in
1168 1275 1244 1306 hoc
1267 1275 1462 1306 Messanae
1488 1272 1702 1304 Horizonte
1726 1270 1790 1301 ob-

145 1339 309 1364 seruans
332 1330 371 1361 in
397 1329 618 1361 Meridiano
643 1332 846 1361 extantem
872 1329 978 1360 cirea
1001 1329 1157 1360 tertiam
1183 1328 1309 1359 noctis
1334 1327 1494 1358 horam«
1523 1325 1557 1367 [i.
1581 1334 1612 1356 e.
1635 1324 1677 1355 3h
1704 1327 1790 1363 post

146 1384 245 1418 Solis
269 1392 460 1417 occasum
488 1383 571 1415 sive
596 1382 636 1414 8h
663 1392 698 1423 p.
726 1382 793 1424 m.]
823 1382 1053 1414 Franciscus
1084 1382 1351 1421 Maurolycus,
1381 1382 1478 1411 teste
1508 1377 1790 1417 Christophoro

146 1438 280 1471 Clavio
296 1437 336 1469 in
354 1435 657 1469 Commentario
673 1436 714 1467 in
729 1435 944 1476 Sphaerarn
959 1435 1124 1467 Ioannis
1137 1435 1186 1466 de
1201 1434 1327 1466 Sacro
1339 1434 1474 1464 Bosco
1489 1430 1681 1471 (Lugduni
1697 1429 1792 1464 1594)

146 1501 182 1534 p.
203 1491 279 1524 211.
301 1491 361 1523 De
381 1490 442 1523 die
463 1490 753 1523 observationis
774 1490 850 1521 vid.
874 1490 919 1520 D.
942 1490 1068 1526 Scina,
1092 1488 1234 1527 Elogio
1255 1487 1296 1518 di
1316 1487 1547 1517 Francesco
1568 1481 1791 1515 MauroIico

146 1544 342 1588 (Panormi
369 1544 466 1586 1808)
490 1553 553 1585 pp.
582 1543 638 1575 181
665 1552 721 1583 sq.
747 1546 783 1574 et
803 1543 834 1581 J.
861 1543 898 1574 R.
925 1542 1028 1574 Hind
1054 1542 1091 1573 in
1117 1541 1368 1581 ephemeride
1395 1538 1614 1570 Britannica
1639 1536 1791 1567 Nature

147 1598 287 1631 XXXII
302 1597 417 1639 (1885)
431 1606 468 1638 p.
489 1597 561 1629 162.

195 1652 245 1684 12.
270 1651 342 1684 Die
364 1651 385 1683 8
407 1650 657 1683 Novembris.
683 1650 810 1682 David
835 1650 1054 1690 Chytraeus.
1079 1649 1140 1679 De
1161 1648 1280 1679 stella
1303 1646 1556 1688 inusitata-et
1575 1651 1679 1675 nova
1702 1650 1792 1681 quae

149 1713 294 1738 mense
305 1703 532 1737 Novembri
547 1712 655 1736 anno
670 1704 755 1735 1572
769 1702 956 1743 conspici
967 1700 1309 1742 coepit(Rostochii
1325 1700 1420 1736 1577)
1436 1699 1499 1730 fol.
1514 1698 1586 1728 A2:
1608 1696 1688 1727 nV1.
1704 1696 1793 1726 Idus

151 1758 388 1792 Nouembris
403 1758 576 1799 primum
595 1767 618 1789 a
633 1757 747 1789 nobis
764 1757 1051 1789 observatum.«

196 1812 247 1845 13.
274 1812 420 1853 »Coepit
441 1811 589 1853 fulgere
612 1811 784 1852 primum
808 1819 912 1842 nona
938 1809 1185 1842 Nouembris.
1210 1808 1270 1838 die
1294 1806 1492 1838 dominico
1514 1803 1677 1844 vesperi.
1701 1810 1791 1833 cum

149 1870 284 1899 tamen
299 1865 604 1899 obseruantibus
620 1865 846 1905 proximum
864 1863 953 1895 coeli
970 1864 1101 1894 locum
1117 1862 1178 1893 die
1193 1864 1349 1892 octauo.
1367 1860 1484 1891 etiam
1498 1865 1636 1889 sereno
1649 1856 1795 1887 aethere

151 1929 230 1953 non
251 1919 497 1961 apparuerit«
516 1919 718 1951 Cornelius
735 1918 917 1952 Gemma,
940 1916 1081 1948 Stellae
1100 1914 1328 1955 peregrinae
1349 1913 1428 1944 iam
1449 1911 1622 1951 primum
1644 1910 1796 1940 exortae

151 1974 194 2006 et
210 1973 314 2006 caelo
333 1973 573 2005 constanter
590 1971 786 2004 haerentis
807 1968 1038 2009 φαινόμενον
1057 1969 1121 1999 νε]
1142 1968 1401 1999 obseruatum
1423 1991 1428 1996 .
1449 1991 1454 1996 .
1475 1991 1480 1996 .
1498 1963 1675 2001 (Lovanii
1702 1961 1796 1995 1573)

152 2027 218 2061 fol.
230 2027 318 2059 ΑΖΕ
337 2026 438 2059 Huic
454 2029 591 2058 tamen
607 2025 843 2058 contradicit
859 2025 940 2064 ipse
957 2024 994 2054 in
1012 2031 1130 2062 opere
1147 2030 1218 2052 suo
1230 2020 1291 2051 De
1304 2021 1458 2051 naturae
1470 2017 1621 2049 divinis
1635 2016 1797 2046 charac-

154 2080 333 2114 terismis
353 2079 469 2112 libris
486 2080 525 2111 ΙΙ
542 2079 783 2121 (Antverpiae
803 2078 900 2116 1575)
921 2077 952 2107 II
975 2085 1036 2116 pp.
1058 2075 1117 2106 113
1140 2084 1212 2114 sq.:
1239 2074 1332 2104 »Sed
1354 2073 1417 2112 qui
1439 2081 1479 2103 se
1501 2071 1648 2111 primos
1669 2068 1798 2099 obser-

152 2143 268 2168 uasse
279 2135 500 2172 voluerunt,
518 2142 669 2165 nonum
686 2132 790 2164 diem
808 2140 879 2171 pro
897 2130 1003 2161 initio
1019 2129 1280 2160 tradiderunt:
1299 2135 1390 2158 cum
1405 2130 1538 2156 tamen
1552 2124 1697 2154 interea
1710 2130 1799 2152 con-

153 2188 329 2222 uenerim
340 2188 484 2229 plures,
502 2195 672 2227 quorum
685 2186 746 2226 alij
765 2185 868 2216 diem
881 2184 1099 2215 secundum
1113 2185 1178 2212 aut
1190 2181 1346 2212 tertium
1361 2178 1595 2210 annotarint.
1613 2175 1799 2215 plaerique

153 2243 215 2275 vel
235 2245 326 2274 ante
346 2241 531 2274 Octobris
552 2240 672 2272 finem
695 2239 823 2271 ferant
843 2238 962 2269 etiam
980 2246 1001 2268 a
1019 2235 1243 2276 vulgaribus
1263 2234 1530 2265 obseruatum.
1551 2256 1556 2261 .
1577 2255 1582 2260 .
1603 2255 1608 2260 .
1630 2229 1798 2259 Primum

154 2295 443 2329 obseruationis
457 2297 616 2334 tempus
633 2293 703 2325 fuit
719 2292 833 2324 nobis
849 2291 910 2322 die
928 2289 1165 2321 Nouembris
1181 2288 1254 2319 26«

198 2349 364 2381 Summa
379 2348 524 2381 horum
540 2350 610 2385 est,
628 2346 758 2378 inter2
771 2345 839 2376 et6
851 2344 954 2376 diem
969 2342 1205 2375 Novembris
1218 2341 1369 2372 stellam
1383 2337 1638 2377 conspicuam
1654 2335 1798 2366 factam

155 2406 194 2435 et
208 2411 326 2435 mane
342 2402 418 2434 diei
432 2401 454 2433 6
469 2411 492 2433 a
508 2401 594 2433 viro
611 2402 869 2439 conspectam
886 2406 984 2431 esse.
1002 2396 1063 2427 cui
1081 2396 1178 2426 fides
1194 2393 1377 2425 habenda
1394 2400 1479 2423 esse
1496 2391 1684 2421 videatur.

200 2456 252 2488 ad
266 2464 302 2497 p.
320 2455 429 2498 3130]
456 2454 616 2487 Hesiod.
640 2453 789 2491 Theog.
807 2451 872 2482 240
918 2450 993 2481 264.

201 2509 252 2542 ad
267 2518 303 2550 p.
320 2508 430 2551 314‚a]
455 2508 609 2548 Ioseph.
626 2506 721 2538 Ant.
740 2505 823 2537 Iud.
843 2505 855 2535 Ι
873 2504 924 2539 2.³
939 2502 996 2542 (69
1014 2502 1157 2540 Niese);
1175 2501 1223 2532 cf.
1242 2504 1336 2532 tom.
1356 2499 1368 2529 1
1387 2507 1421 2538 p.
1444 2497 1513 2528 148.
