2164 3246
397 222 1058 262 PROGYMNASMATUM
1081 223 1285 262 PRIMA
1307 224 1458 263 PARS
1680 225 1757 264 287

105 332 308 371 Erraticis
329 330 413 368 hoc
434 327 720 368 Refractionis
740 330 1117 377 impedimentum,
1140 330 1222 368 sese
1245 343 1335 369 non
1357 332 1429 369 ob·

104 385 223 424 scure
247 383 485 427 insinuans,
509 382 630 421 haud
653 384 1075 430 praetermittendum
1095 386 1225 422 venit.
1252 384 1428 432 Operae-
1494 367 1725 406 TABVLA

105 440 292 487 pretium
307 439 456 485 itaque
473 437 590 481 duxi,
612 438 658 474 in
675 435 818 474 Steuis
835 448 1025 484 quoque,
1047 437 1180 475 huius
1197 437 1429 476 Refrac‘tio-
1515 427 1709 458 REFRAC·

104 494 172 530 nis
194 493 413 530 rationem
435 490 611 528 habere.
636 489 739 537 Qua
761 488 968 538 neglecffa
994 502 1147 528 earum
1172 491 1429 529 Obseruatio
1510 481 1711 512 TIONUM

53 559 69 585 5
106 544 182 594 ipfi
193 544 324 584 Coelo
335 555 542 592 congrua,
559 542 798 591 praesertim
809 543 988 590 quando
1002 544 1238 582 Horizonti
1250 548 1430 592 propius
1498 534 1722 565 FIXARUM

105 598 329 642 accedunt,
346 597 506 636 institui
521 598 689 644 nequit;
707 608 787 634 nec
805 599 937 635 etiam
954 600 1057 635 certi
1074 598 1253 645 aliquid,
1271 610 1360 645 quo
1375 598 1429 636 ad
1510 588 1711 618 STELLA-

104 651 387 690 Planetarum
402 652 711 699 Apparentias‚
729 650 832 688 hinc
849 650 1050 688 deriuare
1068 651 1330 689 conceditur.

158 705 343 744 Collatis
363 710 513 743 autem
530 703 731 751 plurimis
748 704 1092 751 praecedentium
1108 704 1277 752 aliquot
1293 716 1430 742 anno-

105 770 204 798 rum
213 758 298 798 hac
309 760 356 796 in
366 763 488 806 parte
497 757 966 801 animaduerfionibus,
980 757 1249 805 deprehendi
1260 757 1429 796 Refrac-

39 824 70 851 ιο
105 815 258 857 tiones,
282 823 383 860 quae
404 814 451 849 in
471 811 613 850 Stellis
637 810 973 858 conspiciuntur,
997 811 1055 851 43.
1077 814 1270 855 minutis,
1295 823 1430 859 quam

105 867 304 915 proxime
314 867 360 903 in
369 866 529 913 quauis
538 864 752 903 confimili
762 864 991 902 altitudine
1002 864 1227 903 Solaribus
1237 867 1430 903 minores

106 921 297 964 euenire,
318 918 431 957 adeo
451 924 496 957 vt
515 918 571 957 ad
591 918 654 956 20.
677 917 920 956 altitudinis
941 918 1137 966 gradum,
1160 919 1338 966 quando
1356 918 1431 957 Sol

105 972 286 1012 totidem
300 974 473 1011 minuta
487 970 668 1010 refraete
682 971 869 1015 exhibet,
887 974 932 1009 in
945 971 1086 1010 Stellis
1103 971 1198 1010 haec
1212 971 1337 1015 visus,
1355 983 1431 1019 per

105 1037 291 1075 vapores
302 1025 597 1069 intermedios‚
610 1025 841 1069 aberratio,
853 1025 985 1072 plane
994 1025 1247 1063 insensibilis
1258 1025 1429 1067 euadat,

39 1093 70 1119 15
105 1091 186 1119 nec
208 1082 254 1118 in
277 1079 422 1118 altiori
443 1078 535 1123 fitu,
556 1079 696 1117 vllum
717 1078 910 1117 notabile
933 1078 1201 1116 obstaculum
1224 1078 1429 1126 suggerat.

107 1133 324 1173 Ordinaui
340 1135 469 1181 igitur
484 1132 726 1181 appositam
737 1131 967 1170 Tabellam
984 1144 1036 1170 eo
1053 1133 1198 1175 modo,
1216 1138 1259 1170 vt
1276 1134 1320 1169 in
1338 1134 1429 1179 qui-

105 1186 252 1226 busuis
266 1186 442 1235 lingulis
453 1186 659 1235 gradibus
670 1185 890 1224 altitudini
903 1186 1248 1233 competentibus
1261 1185 1430 1223 Refrac-

105 1242 278 1279 tionum
291 1242 474 1278 minutis
484 1240 543 1280 4ὲ.
556 1240 611 1278 ab
624 1241 688 1288 ijs,
706 1251 807 1287 quae
818 1239 1015 1287 superius
1028 1242 1074 1277 in
1086 1239 1186 1277 Sole
1199 1241 1429 1277 annotaui-

105 1305 216 1339 mus,
237 1293 455 1333 deficiant.
477 1293 683 1331 Existimo
704 1292 879 1340 insuper
899 1292 980 1330 has
1000 1292 1110 1340 ipsas
1127 1293 1159 1330 F
1161 1295 1335 1330 ixarum
1353 1292 1429 1330 Re-

37 1359 71 1386 20
105 1346 337 1387 fractiones
348 1347 539 1385 Planetis
551 1358 729 1395 quoque
741 1358 833 1384 non
845 1348 1209 1384 inconuenienter
1221 1346 1430 1393 applicari

105 1401 228 1450 posse,
244 1403 319 1439 vix
333 1400 603 1449 perceptibili
619 1400 912 1438 intercedente
931 1399 1190 1443 differentia,
1213 1399 1291 1437 nifi
1312 1399 1430 1446 quod

106 1455 244 1500 Luna,
260 1456 325 1503 ijs,
342 1465 454 1503 quas
465 1456 579 1493 circa
591 1453 739 1493 Solem
751 1453 1045 1501 exposuimus,
1063 1453 1133 1491 vel
1149 1453 1257 1491 forte
1274 1452 1342 1490 his
1354 1452 1429 1490 ali-

106 1513 272 1557 quanto
280 1508 524 1547 maioribus
532 1508 587 1546 ob
594 1509 865 1546 vicinitatem
875 1507 1068 1545 obnoxia
1077 1506 1134 1544 fit.
1147 1506 1320 1545 Caetera
1330 1517 1430 1553 quae

106 1561 192 1600 illic
216 1561 270 1601 de
296 1561 458 1601 harum
483 1559 822 1605 Refrac'tionum,
853 1572 932 1608 pro
958 1563 1202 1598 variatione
1232 1561 1430 1607 puritatis

36 1627 70 1654 2⁵
105 1616 242 1654 Aurae
253 1615 292 1654 8(
303 1615 618 1660 Horizontum‚
635 1614 892 1658 diuerfitate,
909 1614 1044 1662 paulo
1057 1614 1181 1652 aliter
1193 1615 1429 1656 immutari,

105 1668 416 1713 iudicauimus;
427 1668 466 1707 &
474 1668 547 1707 hic
555 1670 718 1717 pariter
726 1668 1010 1716 intelligenda
1019 1669 1213 1705 veniunt.
1228 1667 1272 1705 Si
1282 1674 1429 1704 autem

106 1733 206 1771 quae
217 1722 564 1761 Mathematicus
575 1722 942 1770 Landgrauianus
955 1723 1000 1759 in
1012 1721 1080 1758 his
1093 1720 1283 1759 Casselh's
1298 1721 1429 1758 deno·
1485 1718 1487 1720 ’
1514 1735 1531 1743 -

105 1777 226 1822 tauit‚
250 1778 330 1815 rite
351 1776 393 1815 se
415 1775 625 1820 habeant:
651 1775 788 1814 ferme
812 1775 948 1822 duplo
970 1777 1161 1813 maiores
1184 1774 1268 1816 hic,
1296 1785 1431 1820 quam

106 1829 204 1875 istic,
219 1829 455 1868 admittunt
469 1829 617 1869 Stellae
634 1827 943 1868 Refraffiones.
962 1828 1065 1874 Qua
1080 1828 1132 1866 de
1149 1839 1194 1865 re
1211 1830 1256 1865 in
1272 1826 1430 1874 Episto-

38 1894 72 1921 ³o
106 1882 250 1922 larum
260 1883 512 1928 Volumine,
529 1883 685 1922 nostrae
698 1882 972 1921 Collationes
983 1882 1156 1929 plenius
1170 1881 1429 1918 indicantur.
1491 1894 1533 1925 20

106 1937 165 1975 At
179 1948 259 1986 ego
274 1936 567 1975 nihilominus
583 1937 842 1975 crediderim
855 1935 1185 1974 Obseruationis
1202 1934 1352 1981 aliqua
1369 1936 1430 1971 in-

107 1992 241 2035 curia,
257 1990 398 2039 ipsum
411 1989 708 2029 Refradtiones
725 1991 913 2027 nimium
930 1989 1179 2029 attenuasse:
1197 1999 1277 2025 nec
1294 1998 1449 2025 reuera
1465 1992 1633 2024 tantam
1645 1997 1671 2023 a
1683 1997 1759 2022 no-

106 2043 188 2082 stra
201 2044 459 2083 aduerfione
475 2043 770 2082 differentiam
785 2045 1065 2081 interuenire.

160 2097 294 2136 Porro
317 2098 543 2146 quomodo
568 2097 640 2136 hae
665 2095 961 2135 Refractiones
987 2093 1178 2143 respectu
1201 2094 1456 2141 AEquatoris
1480 2092 1517 2130 8(
1541 2092 1759 2139 Eclipticae

39 2161 72 2188 35
108 2150 408 2198 dispertiendae
430 2153 623 2195 veniant,
650 2152 864 2198 quoniam
887 2147 1095 2197 praedic‘to
1120 2148 1274 2195 Capite
1299 2148 1351 2185 de
1375 2147 1474 2186 Sole
1501 2145 1760 2184 sufficienter

108 2203 147 2242 &
162 2204 498 2244 demonstratiue
515 2204 729 2243 ostensum
745 2203 816 2246 em
834 2203 920 2247 ista,
939 2214 1039 2241 cum
1051 2202 1123 2240 hic
1135 2212 1313 2249 quoque
1326 2200 1602 2239 consimiliter
1614 2199 1760 2237 locum

108 2256 311 2303 habeant,
327 2270 446 2297 nunc
463 2265 657 2307 repetere
674 2257 1053 2305 superuacaneum
1071 2256 1195 2294 duco.
1214 2252 1228 2304 ΙΙ

22 2315 82 2348 281
161 2311 308 2351 HAEC
318 2314 467 2360 itaque
479 2312 532 2350 de
544 2311 686 2351 Stellis
699 2311 828 2353 Fixis,
840 2317 931 2348 tam
944 2321 1032 2357 quo
1044 2310 1099 2348 ad
1111 2309 1403 2356 plurimarum
1415 2307 1553 2349 fitum.
1570 2305 1760 2353 respectu

109 2363 341 2413 Eclipticae,
359 2367 406 2404 in
421 2365 728 2414 Longitudine‚
746 2364 783 2402 8(
801 2363 1068 2405 Latitudine;
1086 2374 1222 2410 quam
1238 2361 1569 2402 nonnullarum.
1592 2362 1759 2397 ratione

40 2428 74 2455 ⁴0
108 2416 375 2466 AEqwtoris‚
395 2421 443 2457 in
457 2418 720 2457 Ascenfione
737 2416 864 2461 recta,
887 2417 924 2455 &
947 2416 1267 2457 Declinatione,
1289 2415 1372 2453 hoc
1390 2415 1486 2452 loco
1504 2416 1548 2451 in
1566 2413 1760 2451 medium

109 2471 321 2519 protulisse
332 2471 531 2516 sufficiat;
549 2470 896 2510 Refrac'tionibus
909 2472 1042 2508 etiam
1056 2469 1310 2512 earundem,
1324 2480 1423 2516 quae
1438 2467 1759 2506 Obseruationi-

108 2524 191 2563 bus
205 2527 364 2564 certius
379 2525 688 2565 examinandis
705 2524 959 2565 inseruiunt.
977 2535 1067 2562 non
1084 2522 1381 2571 praetermissis.

1610 1200 1631 1925 ΦΗῌΝΝωω-ῧλιβυῑυὶῶοῖοο

1572 2573 1759 2610 Modum
