2164 3246
406 205 1065 245 PROGYMNASMATUM
1088 207 1397 246 SECUNDA
1418 209 1570 248 PARS
1741 211 1818 250 385

80 320 143 353 418
167 313 303 357 culus,
324 314 370 350 in
391 312 548 350 eodem
567 312 703 360 plano
720 312 902 351 existens
919 313 1076 357 FIKL,
1099 317 1174 361 qui
1195 317 1317 353 iuxta
1335 313 1725 366 praesuppo-ufitam
1742 317 1817 355 ali—

167 377 301 415 quam
317 364 462 404 Stellae
479 366 506 403 ἐ
521 365 658 405 Terra
678 366 923 405 distantiam
944 366 1178 414 descriptus
1199 368 1475 416 intelligatur,
1497 369 1584 407 fiue
1606 370 1661 408 ad
1678 370 1818 409 Lunae

165 421 426 468 proximam,
442 418 531 456 fiue
543 418 656 458 Solis
672 420 996 458 remotissimam
1009 427 1084 458 aut
1096 423 1228 458 etiam
1241 421 1416 460 Saturni
1429 423 1627 461 vltimam
1643 423 1817 472 elonga-

165 475 342 512 tionem.
360 471 430 510 Ad
446 471 542 510 haee
560 475 679 511 enim
695 475 777 511 tria
793 473 890 512 loca
906 474 1152 520 periculum
1168 475 1424 513 diuerfitatis
1437 476 1664 514 incidentis
1677 476 1817 515 facere

114 540 130 565 5
165 526 293 565 lubet.

218 2179 467 2218 Assumatur
487 2180 616 2227 igitur
636 2179 829 2226 primum
846 2176 975 2215 Orbis
997 2175 1081 2215 ille.
1102 2186 1181 2222 pro
1199 2174 1363 2212 Lunari
1383 2176 1654 2212 concauitate
1671 2173 1815 2211 Terris

166 2234 380 2281 proxima,
393 2243 529 2280 quam
539 2231 813 2279 Copernicus
826 2228 1136 2268 demonstrauit
1149 2230 1366 2265 minorem
1379 2239 1468 2265 non
1482 2228 1557 2264 esse
1570 2227 1619 2265 52
1629 2226 1815 2264 Telluris

109 2292 131 2324 τ’
167 2285 526 2329 semidiametris;
552 2284 622 2323 sed
645 2284 781 2332 paulo
803 2285 949 2331 potius
972 2284 1198 2324 maiorem,
1223 2287 1368 2328 vtpote
1393 2281 1431 2318 17
1455 2280 1664 2327 scrupulis
1687 2282 1815 2317 vnius

166 2341 316 2387 partis:
338 2350 439 2387 quae
459 2345 609 2377 tamen
624 2343 668 2376 vt
684 2349 752 2375 res
769 2337 1014 2375 euidentior
1031 2335 1189 2373 euadat
1206 2334 1401 2372 consulto
1422 2334 1492 2371 hic
1514 2334 1813 2380 relinquimus.

100 2403 132 2430 10
167 2391 317 2441 Sitque
333 2392 467 2432 Stella
482 2391 578 2430 haec
595 2391 898 2429 Meridianum
919 2388 1128 2427 tranfiens
1149 2390 1193 2425 in
1215 2387 1290 2425 illo
1308 2387 1437 2428 Orbe.
1459 2387 1605 2434 quoad
1627 2386 1813 2433 superio-

167 2457 261 2484 rem
280 2445 406 2484 fitum
426 2448 548 2484 iuxta
569 2444 625 2489 G,
647 2443 900 2482 inferiorem
921 2454 1025 2480 vero
1046 2453 1181 2489 prope
1203 2441 1262 2483 H.
1286 2440 1602 2487 trahanturque
1624 2451 1699 2486 per
1720 2440 1813 2477 haec

168 2499 257 2538 duo
279 2499 389 2544 loca,
412 2505 502 2538 tam
525 2510 552 2537 a
574 2497 776 2546 suprema
798 2497 946 2535 Terrae
971 2494 1193 2543 superficie
1218 2494 1273 2536 N.
1300 2505 1434 2541 quam
1458 2493 1621 2531 Centro
1645 2495 1738 2581 eiij
1761 2493 1813 2532 A.

274 2561 308 2586 49
1703 2557 1813 2582 meze
