2326 3277
472 240 522 277 22
845 231 1299 272 ASTRONOMIAE
1321 227 1742 267 INSTAURATAE

472 346 641 391 liquum
649 344 813 379 Arcum
824 339 972 378 LOPT
984 341 1216 386 cognitum,
1230 337 1272 374 P.
1286 337 1364 374 175.
1380 334 1405 382 l.
1418 335 1480 373 54.
1495 333 1538 382 ll.
1551 334 1614 372 36.
1627 333 1830 381 Angulus
1841 339 1990 371 autem
2000 333 2115 380 LEQ

473 397 630 435 constat
644 407 666 432 e
678 406 782 431 vero
795 393 832 430 &
844 398 1081 439 apparente
1098 396 1221 428 motu
1233 389 1345 428 Solis
1361 400 1387 426 a
1403 388 1549 426 medio
1566 389 1605 432 <Q
1623 389 1668 424 in
1684 388 1949 434 principium
1964 390 2022 431 g,
2040 388 2115 434 qui

473 450 526 487 est
541 450 591 486 45
608 454 713 495 part.
730 446 917 493 praecise,
934 444 1136 492 Angulus
1153 443 1285 490 QPL,
1303 442 1358 480 est
1374 441 1605 479 dimidium
1616 441 1759 478 Arcus
1771 439 1865 486 QL,
1882 451 1984 487 ergo
1995 439 2038 477 P.
2051 439 2114 478 22.

473 501 497 549 l.
515 502 576 540 52.
596 500 638 548 ll.
657 500 692 543 6,
714 499 916 546 Angulus
932 509 1036 535 vero
1054 497 1178 540 LEP,
1203 508 1256 533 ex
1277 494 1599 542 complemento
1617 493 1747 540 ipsius
1764 492 1888 539 LEQ
1908 492 1964 531 ad
1980 492 2115 531 Semi-

472 554 681 592 circulum
697 553 822 590 datur
839 552 881 589 P.
899 552 978 589 135.
998 549 1022 598 l.
1040 551 1075 588 Ο.
1099 549 1271 588 Deinde
1287 548 1490 596 Angulus
1507 543 1521 597 ΙΙ
1538 546 1652 584 ELP
1673 546 1728 584 est
1744 545 2116 593 complementum
2149 553 2192 585 24

471 608 660 645 duorum
671 605 949 653 Angulorum
961 602 1295 642 coniund'torum
1307 601 1427 648 QPL
1438 600 1476 638 &
1489 600 1602 638 LEP
1617 600 1673 638 ad
1685 599 2030 643 Semicirculum,
2046 599 2116 638 vel

474 1992 528 2030 est
545 1991 789 2030 differentia
801 1992 964 2040 Anguli
982 1992 1103 2038 QPL
1119 1992 1174 2030 ad
1192 1992 1317 2035 LEP.
1335 1992 1376 2029 P.
1394 1991 1456 2029 22.
1477 1990 1501 2038 l.
1519 1992 1554 2030 7.
1574 1990 1604 2038 ll
1621 1991 1684 2033 54.
1701 1992 1844 2029 Arcus
1859 1989 2033 2038 insuper
2048 1989 2123 2028 TP

474 2045 528 2083 est
549 2046 708 2093 duplus
724 2046 901 2093 Angulo
923 2046 1048 2088 ELP,
1070 2057 1206 2093 quare
1228 2048 1262 2083 is
1285 2046 1326 2083 P.
1344 2046 1406 2083 44.
1427 2043 1451 2092 l.
1470 2046 1522 2083 15.
1542 2043 1584 2091 ll.
1602 2044 1664 2082 48.
1687 2044 1834 2082 Postea
1855 2043 2123 2091 cognoscitur

475 2101 606 2137 etiam
622 2100 763 2137 Arcus
780 2099 899 2137 LOP
916 2110 967 2136 ex
986 2111 1037 2137 ea
1054 2099 1311 2143 differentia,
1334 2110 1434 2146 quae
1452 2098 1506 2136 est
1523 2100 1633 2136 inter
1649 2097 1723 2135 TP
1739 2097 1776 2135 81
1794 2096 1969 2139 LOPT.
1990 2096 2033 2134 P.
2051 2096 2122 2135 131.

476 2151 500 2198 Ι.
511 2152 573 2190 38.
587 2151 629 2199 ll.
643 2152 705 2194 48,
723 2155 846 2190 cuius
864 2152 1027 2190 chorda
1040 2153 1111 2190 PL
1124 2152 1404 2191 en18245736.
1423 2151 1599 2190 Constat
1612 2162 1789 2198 quoque
1802 2152 1944 2188 Arcus
1956 2149 2125 2197 QLOP
2166 2158 2196 2183 ¹0

476 2217 497 2243 e
515 2204 755 2243 coniunffls
773 2205 854 2251 QL
875 2205 912 2242 &
935 2206 1065 2247 LOP,
1088 2206 1130 2243 P.
1149 2206 1227 2243 177.
1248 2205 1272 2252 l.
1290 2206 1352 2243 23.
1373 2204 1415 2252 ll.
1434 2206 1460 2247 l.
1483 2207 1606 2243 cuius
1628 2204 1792 2242 chorda
1814 2203 2027 2247 19994784.
2048 2214 2125 2251 per

476 2259 638 2296 lineam
665 2258 743 2304 QP
769 2259 1086 2305 repraesentata.
1113 2259 1167 2296 est
1193 2265 1341 2297 autem
1368 2259 1570 2306 Angulus
1596 2257 1711 2296 PET
1736 2257 1922 2305 aequalis
1947 2256 2125 2305 Angulo

476 2311 611 2357 QEL.
629 2312 689 2349 illi
706 2312 904 2349 videlicet
921 2312 1233 2359 contrapofitus
1251 2312 1292 2349 P.
1306 2313 1367 2349 45.
1384 2311 1407 2358 l.
1421 2312 1457 2349 Ο.
1476 2311 1682 2358 Cumque
1699 2313 1743 2348 in
1755 2310 1996 2358 Triangulo
2012 2309 2124 2348 PLR

476 2364 520 2402 fit
537 2367 759 2412 proportio
778 2365 942 2402 Lateris
958 2365 1030 2402 PL
1042 2366 1097 2402 acl
1112 2365 1195 2406 PR.
1214 2365 1314 2402 ficut
1332 2365 1447 2402 finus
1463 2371 1577 2402 totus
1594 2365 1649 2402 ad
1666 2364 1805 2402 finum
1818 2363 1982 2412 Anguli
1999 2363 2124 2406 RLP.

477 2417 609 2465 fitque
623 2418 736 2456 finus
750 2418 880 2456 huius
893 2419 1056 2466 Anguli
1069 2418 1264 2459 3767364,
1277 2420 1506 2465 proueniet
1519 2415 1534 2467 ΙΙ
1547 2418 1576 2455 Ρ
1586 2418 1630 2459 R.
1643 2417 1839 2459 6873833.
1852 2417 2006 2455 talium
2019 2428 2125 2464 qua·
2159 2423 2202 2455 25

477 2471 585 2509 lium
609 2471 692 2512 PL.
717 2471 771 2508 est
796 2471 1011 2509 18245736:
1037 2471 1209 2509 Dehinc
1234 2474 1278 2508 in
1299 2471 1538 2518 Triangulo
1561 2471 1672 2508 PER
1696 2470 1854 2508 constat
1876 2472 2008 2508 etiam
2029 2481 2125 2518 pro-

477 2527 617 2572 portio
631 2525 795 2562 Lateris
808 2525 878 2562 PR
892 2525 945 2562 ad
960 2525 1092 2562 Latus
1105 2525 1134 2562 P
1144 2525 1175 2562 E
1188 2525 1320 2562 veluti
1339 2524 1454 2562 finus
1467 2525 1628 2571 Anguli
1646 2525 1677 2561 R
1687 2524 1770 2566 ΕΡ,
1788 2525 1862 2571 qui
1880 2523 1935 2562 est
1951 2523 2126 2562 7071068

2070 2577 2126 2615 ad
