2243 3225
409 209 485 246 278
782 193 1234 238 ASTRONOMIAE
1255 184 1677 230 INSTAURATAE

642 347 938 377 DENOMINATIO
955 343 1190 371 STELLARVM
1457 373 1476 399 S

441 457 630 495 Suprema
646 452 763 482 trium
780 450 818 480 in
834 448 922 480 ense
1455 438 1490 479 Π
1854 435 1865 467 ὲ
1900 433 1933 463 Α
1993 432 2014 463 5

441 508 570 540 Media
587 505 684 537 ensis
1456 492 1491 533 Π
1517 501 1518 522 1
1677 489 1688 522 ὲ
1784 521 1785 526 ,
1901 486 1934 517 Α
1994 484 2025 517 3.

440 559 623 592 Australis
1456 545 1492 586 ][
1517 564 1519 590 1
1545 543 1583 574 17
1631 541 1687 575 271
1719 540 1762 572 29
1812 540 1850 571 17
1902 539 1935 570 A
1994 538 2014 570 3
2092 543 2108 569 5

441 613 669 645 Praecedens
685 611 854 641 duarum
870 606 971 637 infra
988 604 1117 636 ensem
1457 598 1492 639 ][
1546 595 1585 627 16
1631 594 1674 626 20
1720 593 1763 626 30
1809 593 1850 625 37
1903 593 1936 623 A
1995 591 2017 623 4
2066 580 2083 635 ΙΙ

442 668 614 706 Sequens
631 665 799 695 duarum
815 660 916 691 infra
932 658 1063 690 ensem
1458 651 1493 692 ][
1546 649 1585 680 18
1632 647 1674 679 23
1721 647 1764 679 30
1786 662 1787 665 ¹
1810 646 1852 678 38
1904 646 1937 677 A
1997 645 2017 676 5
2067 644 2148 676 271¹

443 719 591 751 Lucida
608 718 645 748 in
662 715 806 747 sinistro
823 713 933 754 pede.
952 711 1063 750 Regel
1458 704 1493 745 ]1
1547 703 1582 733 ll
1636 701 1674 732 17
1721 700 1760 732 31
1814 699 1867 734 11,
1904 699 1938 730 Α
2001 698 2029 729 1.

443 773 541 811 Quae
557 772 595 802 in
612 769 757 801 sinistro
774 767 963 799 calcaneo
1460 757 1494 798 Π
1548 755 1587 787 12
1637 755 1689 789 15¹2
1722 753 1765 785 29
1811 753 1853 785 53
1905 752 1938 783 A
1997 751 2019 783 4

443 827 540 864 Quae
558 825 595 855 in
612 823 698 855 sura
716 820 847 852 sinistri
863 818 972 859 pedis
1460 811 1495 852 Π
1548 809 1588 840 14
1656 808 1677 839 2
1722 807 1761 839 31
1833 806 1855 839 0
1905 806 1938 837 Α
1999 806 2030 837 5:
2099 809 2129 836 lo

444 880 486 910 In
502 887 600 919 genu
617 877 755 907 dextro
1460 864 1495 905 Π
1545 862 1588 894 20
1634 861 1691 896 49³..
1723 860 1765 893 33
1835 859 1855 891 8
1878 900 1879 903 Ἴ
1905 859 1939 890 A
1998 858 2019 891 3

444 932 542 970 Quae
558 930 736 961 Vltimam
754 925 871 958 baltei
886 922 1076 964 praecedit
1093 922 1143 953 ad
1159 920 1335 952 austrum
1390 919 1406 936 *
1461 918 1496 959 ][
1549 915 1588 947 18
1635 914 1678 947 39
1723 913 1767 946 26
1790 940 1791 946 ,
1834 913 1873 947 02}
1906 913 1940 944 A
1999 911 2020 943 4

444 985 542 1023 Quae
559 983 608 1015 ad
625 981 783 1014 dorsum
800 978 864 1016 est,
883 978 986 1008 hanc
1003 975 1235 1016 praecedens
1461 971 1496 1012 Π
1550 968 1589 1000 14
1635 968 1678 1000 34
1728 967 1767 999 19
1813 966 1856 998 40
1907 966 1940 997 A
1999 965 2021 998 6

793 1047 1053 1081 ERIDANVS.
1612 1028 1613 1051 *

444 1109 542 1147 Quae
559 1107 609 1138 ad
626 1107 689 1137 sin.
708 1104 849 1145 pedem
866 1101 1022 1133 Orionis
1039 1100 1076 1131 in
1092 1098 1283 1140 principio
1299 1097 1405 1138 fluuij
1462 1095 1497 1136 Π
1570 1093 1590 1125 9
1636 1092 1679 1125 40
1725 1093 1764 1125 31
1815 1090 1874 1125 35}
1908 1091 1942 1122 A
2001 1090 2022 1122 4
2102 1094 2132 1120 15

445 1162 569 1201 Supra
586 1160 728 1200 pedem
746 1156 901 1189 Orionis
917 1155 955 1186 in
970 1153 1092 1185 fluuio
1463 1148 1498 1189 ][
1570 1146 1591 1178 9
1637 1146 1680 1178 42
1726 1146 1768 1178 27
1816 1144 1872 1179 541
1909 1145 1943 1175 A
2001 1143 2034 1175 3.

446 1216 623 1246 Duarum
641 1212 808 1243 aliarum
825 1209 989 1248 sequens
1464 1202 1499 1243 ][
1572 1201 1590 1232 7
1614 1192 1615 1195 ¹
1637 1199 1681 1232 39
1727 1199 1770 1231 29
1816 1197 1859 1229 52
1909 1198 1943 1229 Α
2003 1198 2023 1229 5

444 1267 673 1299 Praecedens
1464 1255 1499 1296 ][
1571 1255 1591 1285 5
1638 1253 1695 1288 291
1727 1253 1769 1284 27
1817 1251 1874 1285 511
1910 1251 1943 1282 Α
2003 1251 2023 1282 5

446 1322 620 1360 Sequens
636 1319 805 1350 duarum
822 1314 1067 1355 superiorum
1465 1308 1500 1349 Π
1526 1324 1527 1328 =
1572 1307 1592 1339 3
1638 1307 1695 1341 451
1728 1306 1770 1338 25
1817 1304 1860 1336 34
1882 1299 1883 1306 ’
1911 1305 1944 1335 A
2003 1303 2025 1335 4

445 1373 674 1406 Praecedens
691 1369 908 1402 earundem
1466 1362 1500 1403 ][
1526 1360 1527 1365 ’
1577 1361 1589 1392 1
1643 1360 1696 1395 141
1729 1359 1771 1391 25
1821 1358 1876 1392 111
1911 1358 1944 1389 Α
2003 1357 2025 1389 4
2101 1360 2134 1386 20

447 1427 529 1459 Post
545 1425 795 1457 interuallum
812 1422 975 1462 sequens
992 1429 1039 1452 ex
1057 1422 1227 1459 quatuor
1463 1415 1504 1457 ὅ
1555 1415 1594 1447 18
1644 1413 1683 1444 18
1729 1412 1771 1445 33
1821 1411 1877 1445 1321
1912 1412 1945 1443 A
2004 1410 2025 1442 3

448 1481 546 1518 Quae
563 1479 675 1519 praeit
691 1478 794 1508 hanc
1463 1468 1505 1511 *ὅ
1555 1470 1594 1500 15
1641 1467 1697 1502 221
1730 1466 1768 1498 31
1841 1464 1862 1496 9
1884 1459 1885 1495 ἐ
1912 1466 1944 1497 Α
2005 1463 2027 1495 4

449 1534 547 1572 Quae
565 1533 614 1564 ad
633 1531 789 1571 septent.
808 1529 872 1565 est,
892 1528 954 1559 seu
970 1527 1084 1559 tertia
1101 1525 1332 1566 praecedens
1464 1522 1505 1565 *0²
1556 1523 1594 1554 15
1664 1522 1683 1552 7
1730 1519 1773 1551 28
1818 1517 1877 1550 46-
1913 1519 1945 1550 A
2005 1517 2026 1549 3

450 1587 547 1625 Quae
565 1593 703 1618 omnes
719 1586 888 1623 quatuor
904 1580 1100 1612 antecedit
1464 1576 1505 1618 ὅ
1557 1576 1595 1608 12
1642 1575 1684 1606 45
1731 1573 1772 1605 27
1819 1571 1861 1603 47
1913 1573 1946 1604 A
2006 1570 2026 1603 3

853 1652 1014 1684 LEPVS.
1886 1652 1887 1661 ³
2104 1645 2137 1671 25

451 1711 634 1751 Superior
650 1707 910 1749 praecedentis
927 1705 1032 1737 auris
1469 1701 1504 1742 Π
1558 1701 1596 1733 10
1647 1700 1699 1734 141
1732 1699 1775 1731 34
1821 1696 1864 1728 34
1915 1697 1947 1728 Α
2008 1696 2028 1727 5

452 1764 616 1795 Inferior
632 1762 803 1794 eiusdem
821 1759 926 1791 auris
1470 1754 1504 1795 Π
1558 1754 1597 1786 10
1643 1753 1699 1788 201
1731 1752 1774 1784 35
1822 1750 1864 1782 54
1886 1737 1887 1746 ¹
1915 1750 1948 1782 A
2008 1749 2028 1780 5

452 1817 635 1857 Superior
652 1814 843 1854 sequentis
860 1813 964 1844 auris
1470 1807 1505 1848 Π
1559 1808 1597 1839 12
1643 1807 1686 1838 27
1733 1805 1775 1838 35
1797 1816 1800 1828 ’
1825 1803 1864 1835 18
1916 1803 1949 1835 A
2008 1802 2030 1834 6

454 1870 617 1901 Inferior
633 1867 825 1908 sequentis
842 1866 926 1898 auri
1471 1861 1506 1901 Π
1559 1861 1598 1892 12
1648 1860 1687 1891 14
1734 1859 1776 1891 36
1826 1857 1865 1888 14
1917 1857 1950 1888 A
2009 1857 2030 1888 5

453 1924 550 1961 Quae
567 1923 620 1954 est
638 1923 673 1953 in
691 1921 818 1961 capite
1472 1914 1505 1955 ][
1578 1914 1598 1946 9
1645 1913 1688 1945 49
1733 1912 1776 1944 39
1845 1910 1866 1941 4
1888 1904 1889 1909 ’
1917 1911 1950 1942 Α
2009 1910 2030 1941 5
2106 1911 2140 1939 30

453 1978 636 2008 Extrema
654 1974 894 2006 anteriorum
912 1973 1057 2013 pedum
1472 1968 1506 2008 Π
1579 1968 1599 2000 6
1645 1967 1702 2002 254
1734 1966 1777 1997 45
1845 1963 1866 1995 0
1888 1962 1889 1970 ’
1917 1964 1950 1995 A
2009 1962 2031 1994 4

454 2030 551 2067 Quae
568 2030 604 2060 in
621 2028 748 2065 dorso,
767 2027 830 2058 seu
847 2026 977 2057 medio
995 2032 1163 2064 corpore
1472 2021 1506 2061 Π
1560 2022 1599 2053 15
1621 2031 1623 2033 ·
1645 2020 1701 2054 491
1734 2019 1772 2050 41
1846 2018 1880 2052 51
1917 2017 1950 2048 A
2010 2015 2042 2048 3.

456 2084 496 2114 In
514 2091 626 2113 armo
644 2081 788 2112 nnirtro
1472 2075 1506 2116 11
1561 2075 1600 2106 14
1668 2073 1702 2108 63
1735 2072 1777 2104 43
1824 2071 1881 2105 573
1918 2071 1951 2102 A
2010 2068 2031 2101 3
2081 2056 2097 2111 ΙΙ

455 2135 667 2166 Australior
683 2135 852 2165 duarum
870 2133 906 2163 in
924 2131 1201 2172 posterioribus
1217 2129 1382 2170 pedibus
1473 2129 1507 2169 Π
1561 2127 1600 2160 19
1647 2127 1702 2161 211
1735 2126 1778 2157 45
1825 2123 1882 2158 491
1918 2124 1951 2155 A
2011 2122 2042 2154 3.
2081 2119 2165 2152 271·

456 2189 653 2220 Borealior
670 2187 886 2219 earundem
1474 2182 1506 2222 Π
1558 2182 1595 2213 21
1647 2180 1690 2212 36
1736 2179 1778 2211 44
1829 2177 1868 2210 18
1919 2178 1952 2209 A
2011 2175 2043 2208 3.
2108 2178 2141 2205 35

457 2242 684 2272 Praecedens
702 2241 737 2271 in
754 2240 869 2271 dorso
1475 2236 1507 2276 Π
1558 2235 1600 2266 20
1647 2233 1703 2268 261
1736 2232 1779 2265 38
1829 2230 1869 2263 16
1920 2231 1952 2262 A
2011 2229 2032 2260 4

457 2295 629 2334 Sequens
648 2294 682 2324 in
700 2293 814 2324 dorso
1474 2290 1506 2329 Π
1558 2288 1600 2319 23
1648 2287 1704 2321 271
1737 2286 1778 2318 37
1826 2284 1882 2319 401
1920 2284 1952 2315 A
2012 2282 2033 2314 4

457 2348 600 2378 Vltima
619 2347 654 2377 in
672 2347 798 2377 cauda
1475 2343 1507 2383 Π
1559 2341 1602 2372 26
1648 2340 1690 2372 22
1737 2338 1780 2371 38
1826 2337 1869 2369 26
1921 2338 1953 2368 Α
2013 2335 2044 2367 4,

767 2416 911 2447 CANIS
934 2415 1104 2446 MAIOR.

459 2472 498 2501 In
517 2479 583 2501 ore
603 2470 907 2510 splendidissima.
927 2469 1044 2499 Sirius
1062 2472 1204 2499 vocata
1472 2470 1512 2504 {9
1582 2465 1602 2497 8
1649 2464 1705 2497 351
1738 2463 1780 2494 39
1827 2461 1870 2494 30

1921 2462 1953 2492 >
